id,symbol,timestamp,unixtime,field,price,size,canautoexecute
151510397,HUYA,2018-08-15 09:34:03-04,1534340043,1,24.76,,t
151510398,HUYA,2018-08-15 09:34:03-04,1534340043,0,,7,
151510399,HUYA,2018-08-15 09:34:03-04,1534340043,2,24.87,,t
151510400,HUYA,2018-08-15 09:34:03-04,1534340043,3,,1,
151510401,HUYA,2018-08-15 09:34:03-04,1534340043,4,24.84,,f
151510402,HUYA,2018-08-15 09:34:03-04,1534340043,5,,1,
151510403,HUYA,2018-08-15 09:34:03-04,1534340043,0,,7,
151510404,HUYA,2018-08-15 09:34:03-04,1534340043,3,,1,
151510405,HUYA,2018-08-15 09:34:03-04,1534340043,5,,1,
151510406,HUYA,2018-08-15 09:34:03-04,1534340043,8,,11246,
151510407,HUYA,2018-08-15 09:34:03-04,1534340043,6,25.09,,f
151510408,HUYA,2018-08-15 09:34:03-04,1534340043,7,24.19,,f
151510409,HUYA,2018-08-15 09:34:03-04,1534340043,9,27.6,,f
151510410,HUYA,2018-08-15 09:34:03-04,1534340043,14,24.43,,f
151510411,HUYA,2018-08-15 09:34:04-04,1534340044,4,24.79,,f
151510412,HUYA,2018-08-15 09:34:04-04,1534340044,5,,1,
151510413,HUYA,2018-08-15 09:34:04-04,1534340044,8,,11247,
151510414,HUYA,2018-08-15 09:34:04-04,1534340044,2,24.81,,t
151510415,HUYA,2018-08-15 09:34:04-04,1534340044,3,,2,
151510416,HUYA,2018-08-15 09:34:04-04,1534340044,3,,2,
151510444,HUYA,2018-08-15 09:34:04-04,1534340044,3,,3,
151510454,HUYA,2018-08-15 09:34:05-04,1534340045,4,24.78,,f
151510455,HUYA,2018-08-15 09:34:05-04,1534340045,5,,2,
151510456,HUYA,2018-08-15 09:34:05-04,1534340045,5,,2,
151510457,HUYA,2018-08-15 09:34:05-04,1534340045,8,,11249,
151510471,HUYA,2018-08-15 09:34:06-04,1534340046,4,24.76,,f
151510472,HUYA,2018-08-15 09:34:06-04,1534340046,5,,1,
151510473,HUYA,2018-08-15 09:34:06-04,1534340046,5,,1,
151510474,HUYA,2018-08-15 09:34:06-04,1534340046,8,,11250,
151510477,HUYA,2018-08-15 09:34:06-04,1534340046,3,,2,
151510481,HUYA,2018-08-15 09:34:06-04,1534340046,1,24.6,,t
151510482,HUYA,2018-08-15 09:34:06-04,1534340046,0,,20,
151510483,HUYA,2018-08-15 09:34:06-04,1534340046,2,24.73,,t
151510484,HUYA,2018-08-15 09:34:06-04,1534340046,3,,2,
151510485,HUYA,2018-08-15 09:34:06-04,1534340046,0,,20,
151510486,HUYA,2018-08-15 09:34:06-04,1534340046,4,24.71,,f
151510487,HUYA,2018-08-15 09:34:06-04,1534340046,5,,10,
151510488,HUYA,2018-08-15 09:34:06-04,1534340046,5,,10,
151510489,HUYA,2018-08-15 09:34:06-04,1534340046,8,,11260,
151510492,HUYA,2018-08-15 09:34:07-04,1534340047,1,24.61,,t
151510493,HUYA,2018-08-15 09:34:07-04,1534340047,0,,1,
151510494,HUYA,2018-08-15 09:34:07-04,1534340047,2,24.68,,t
151510495,HUYA,2018-08-15 09:34:07-04,1534340047,3,,20,
151510496,HUYA,2018-08-15 09:34:07-04,1534340047,0,,1,
151510497,HUYA,2018-08-15 09:34:07-04,1534340047,3,,20,
151510498,HUYA,2018-08-15 09:34:07-04,1534340047,2,24.73,,t
151510499,HUYA,2018-08-15 09:34:07-04,1534340047,3,,1,
151510500,HUYA,2018-08-15 09:34:07-04,1534340047,0,,5,
151510501,HUYA,2018-08-15 09:34:07-04,1534340047,3,,1,
151510502,HUYA,2018-08-15 09:34:07-04,1534340047,4,24.68,,f
151510503,HUYA,2018-08-15 09:34:07-04,1534340047,5,,1,
151510504,HUYA,2018-08-15 09:34:07-04,1534340047,5,,1,
151510505,HUYA,2018-08-15 09:34:07-04,1534340047,8,,11261,
151510515,HUYA,2018-08-15 09:34:08-04,1534340048,3,,2,
151510526,HUYA,2018-08-15 09:34:09-04,1534340049,3,,1,
151510539,HUYA,2018-08-15 09:34:09-04,1534340049,2,24.8,,t
151510540,HUYA,2018-08-15 09:34:09-04,1534340049,3,,1,
151510546,HUYA,2018-08-15 09:34:10-04,1534340050,2,24.73,,t
151510547,HUYA,2018-08-15 09:34:10-04,1534340050,3,,1,
151510548,HUYA,2018-08-15 09:34:10-04,1534340050,0,,6,
151510557,HUYA,2018-08-15 09:34:11-04,1534340051,4,24.67,,f
151510558,HUYA,2018-08-15 09:34:11-04,1534340051,5,,20,
151510559,HUYA,2018-08-15 09:34:11-04,1534340051,5,,20,
151510560,HUYA,2018-08-15 09:34:11-04,1534340051,8,,11281,
151510568,HUYA,2018-08-15 09:34:11-04,1534340051,1,24.66,,t
151510569,HUYA,2018-08-15 09:34:11-04,1534340051,0,,1,
151510570,HUYA,2018-08-15 09:34:11-04,1534340051,2,24.8,,t
151510571,HUYA,2018-08-15 09:34:11-04,1534340051,3,,2,
151510572,HUYA,2018-08-15 09:34:11-04,1534340051,0,,1,
151510573,HUYA,2018-08-15 09:34:11-04,1534340051,3,,2,
151510577,HUYA,2018-08-15 09:34:12-04,1534340052,4,24.73,,f
151510578,HUYA,2018-08-15 09:34:12-04,1534340052,5,,1,
151510579,HUYA,2018-08-15 09:34:12-04,1534340052,5,,1,
151510580,HUYA,2018-08-15 09:34:12-04,1534340052,8,,11282,
151510582,HUYA,2018-08-15 09:34:12-04,1534340052,0,,2,
151510592,HUYA,2018-08-15 09:34:12-04,1534340052,0,,3,
151510597,HUYA,2018-08-15 09:34:13-04,1534340053,8,,11283,
151510598,HUYA,2018-08-15 09:34:13-04,1534340053,0,,2,
151510611,HUYA,2018-08-15 09:34:14-04,1534340054,1,24.73,,t
151510612,HUYA,2018-08-15 09:34:14-04,1534340054,0,,1,
151510613,HUYA,2018-08-15 09:34:14-04,1534340054,0,,1,
151510614,HUYA,2018-08-15 09:34:14-04,1534340054,8,,11284,
151510629,HUYA,2018-08-15 09:34:14-04,1534340054,0,,4,
151510630,HUYA,2018-08-15 09:34:15-04,1534340055,4,24.79,,f
151510631,HUYA,2018-08-15 09:34:15-04,1534340055,5,,1,
151510632,HUYA,2018-08-15 09:34:15-04,1534340055,8,,11285,
151510644,HUYA,2018-08-15 09:34:15-04,1534340055,4,24.8,,f
151510645,HUYA,2018-08-15 09:34:15-04,1534340055,5,,2,
151510646,HUYA,2018-08-15 09:34:15-04,1534340055,5,,2,
151510647,HUYA,2018-08-15 09:34:15-04,1534340055,8,,11287,
151510652,HUYA,2018-08-15 09:34:15-04,1534340055,0,,2,
151510653,HUYA,2018-08-15 09:34:15-04,1534340055,3,,3,
151510668,HUYA,2018-08-15 09:34:16-04,1534340056,5,,1,
151510669,HUYA,2018-08-15 09:34:16-04,1534340056,8,,11288,
151510670,HUYA,2018-08-15 09:34:16-04,1534340056,0,,3,
151510681,HUYA,2018-08-15 09:34:17-04,1534340057,3,,1,
151510686,HUYA,2018-08-15 09:34:17-04,1534340057,8,,11289,
151510695,HUYA,2018-08-15 09:34:18-04,1534340058,3,,2,
151510696,HUYA,2018-08-15 09:34:18-04,1534340058,8,,11290,
151510706,HUYA,2018-08-15 09:34:19-04,1534340059,8,,11291,
151510707,HUYA,2018-08-15 09:34:19-04,1534340059,2,24.76,,t
151510708,HUYA,2018-08-15 09:34:19-04,1534340059,3,,5,
151510709,HUYA,2018-08-15 09:34:19-04,1534340059,0,,2,
151510710,HUYA,2018-08-15 09:34:19-04,1534340059,3,,5,
151510717,HUYA,2018-08-15 09:34:19-04,1534340059,1,24.72,,t
151510718,HUYA,2018-08-15 09:34:19-04,1534340059,0,,6,
151510719,HUYA,2018-08-15 09:34:19-04,1534340059,0,,6,
151510720,HUYA,2018-08-15 09:34:19-04,1534340059,3,,4,
151510721,HUYA,2018-08-15 09:34:20-04,1534340060,4,24.75,,f
151510722,HUYA,2018-08-15 09:34:20-04,1534340060,5,,1,
151510723,HUYA,2018-08-15 09:34:20-04,1534340060,8,,11292,
151510724,HUYA,2018-08-15 09:34:20-04,1534340060,1,24.74,,t
151510725,HUYA,2018-08-15 09:34:20-04,1534340060,0,,5,
151510726,HUYA,2018-08-15 09:34:20-04,1534340060,2,24.8,,t
151510727,HUYA,2018-08-15 09:34:20-04,1534340060,3,,2,
151510728,HUYA,2018-08-15 09:34:20-04,1534340060,0,,5,
151510729,HUYA,2018-08-15 09:34:20-04,1534340060,3,,2,
151510732,HUYA,2018-08-15 09:34:20-04,1534340060,4,24.74,,f
151510733,HUYA,2018-08-15 09:34:20-04,1534340060,5,,13,
151510734,HUYA,2018-08-15 09:34:20-04,1534340060,5,,13,
151510735,HUYA,2018-08-15 09:34:20-04,1534340060,8,,11305,
151510736,HUYA,2018-08-15 09:34:21-04,1534340061,0,,1,
151510739,HUYA,2018-08-15 09:34:21-04,1534340061,4,24.77,,f
151510740,HUYA,2018-08-15 09:34:21-04,1534340061,5,,2,
151510741,HUYA,2018-08-15 09:34:21-04,1534340061,5,,2,
151510742,HUYA,2018-08-15 09:34:21-04,1534340061,8,,11307,
151510744,HUYA,2018-08-15 09:34:21-04,1534340061,1,24.72,,t
151510745,HUYA,2018-08-15 09:34:21-04,1534340061,0,,8,
151510746,HUYA,2018-08-15 09:34:21-04,1534340061,0,,8,
151510750,HUYA,2018-08-15 09:34:22-04,1534340062,4,24.74,,f
151510751,HUYA,2018-08-15 09:34:22-04,1534340062,5,,1,
151510752,HUYA,2018-08-15 09:34:22-04,1534340062,5,,1,
151510753,HUYA,2018-08-15 09:34:22-04,1534340062,8,,11308,
151510755,HUYA,2018-08-15 09:34:22-04,1534340062,0,,6,
151510756,HUYA,2018-08-15 09:34:22-04,1534340062,3,,3,
151510758,HUYA,2018-08-15 09:34:23-04,1534340063,4,24.8,,f
151510759,HUYA,2018-08-15 09:34:23-04,1534340063,5,,1,
151510760,HUYA,2018-08-15 09:34:23-04,1534340063,8,,11309,
151510764,HUYA,2018-08-15 09:34:23-04,1534340063,1,24.73,,t
151510765,HUYA,2018-08-15 09:34:23-04,1534340063,0,,3,
151510766,HUYA,2018-08-15 09:34:23-04,1534340063,0,,3,
151510767,HUYA,2018-08-15 09:34:23-04,1534340063,3,,2,
151510768,HUYA,2018-08-15 09:34:23-04,1534340063,1,24.77,,t
151510769,HUYA,2018-08-15 09:34:23-04,1534340063,0,,2,
151510770,HUYA,2018-08-15 09:34:23-04,1534340063,2,24.9,,t
151510771,HUYA,2018-08-15 09:34:23-04,1534340063,3,,1,
151510772,HUYA,2018-08-15 09:34:23-04,1534340063,0,,2,
151510773,HUYA,2018-08-15 09:34:23-04,1534340063,3,,1,
151510774,HUYA,2018-08-15 09:34:23-04,1534340063,8,,11310,
151510781,HUYA,2018-08-15 09:34:24-04,1534340064,8,,11691,
151510784,HUYA,2018-08-15 09:34:24-04,1534340064,0,,6,
151510785,HUYA,2018-08-15 09:34:24-04,1534340064,3,,2,
151510789,HUYA,2018-08-15 09:34:24-04,1534340064,4,24.83,,f
151510790,HUYA,2018-08-15 09:34:24-04,1534340064,5,,2,
151510791,HUYA,2018-08-15 09:34:24-04,1534340064,5,,2,
151510792,HUYA,2018-08-15 09:34:24-04,1534340064,8,,11693,
151510806,HUYA,2018-08-15 09:34:24-04,1534340064,0,,7,
151510807,HUYA,2018-08-15 09:34:24-04,1534340064,3,,3,
151510813,HUYA,2018-08-15 09:34:25-04,1534340065,4,24.9,,f
151510814,HUYA,2018-08-15 09:34:25-04,1534340065,5,,1,
151510815,HUYA,2018-08-15 09:34:25-04,1534340065,5,,1,
151510816,HUYA,2018-08-15 09:34:25-04,1534340065,8,,11694,
151510819,HUYA,2018-08-15 09:34:25-04,1534340065,0,,6,
151510820,HUYA,2018-08-15 09:34:25-04,1534340065,3,,2,
151510821,HUYA,2018-08-15 09:34:26-04,1534340066,4,24.79,,f
151510822,HUYA,2018-08-15 09:34:26-04,1534340066,5,,30,
151510823,HUYA,2018-08-15 09:34:26-04,1534340066,5,,30,
151510824,HUYA,2018-08-15 09:34:26-04,1534340066,8,,11724,
151510827,HUYA,2018-08-15 09:34:26-04,1534340066,1,24.81,,t
151510828,HUYA,2018-08-15 09:34:26-04,1534340066,0,,7,
151510829,HUYA,2018-08-15 09:34:26-04,1534340066,0,,7,
151510830,HUYA,2018-08-15 09:34:26-04,1534340066,3,,3,
151510839,HUYA,2018-08-15 09:34:26-04,1534340066,4,24.9,,f
151510840,HUYA,2018-08-15 09:34:26-04,1534340066,5,,1,
151510841,HUYA,2018-08-15 09:34:26-04,1534340066,5,,1,
151510842,HUYA,2018-08-15 09:34:26-04,1534340066,8,,11725,
151510843,HUYA,2018-08-15 09:34:27-04,1534340067,0,,9,
151510844,HUYA,2018-08-15 09:34:27-04,1534340067,3,,2,
151510849,HUYA,2018-08-15 09:34:27-04,1534340067,4,24.89,,f
151510850,HUYA,2018-08-15 09:34:27-04,1534340067,5,,1,
151510851,HUYA,2018-08-15 09:34:27-04,1534340067,8,,11726,
151510852,HUYA,2018-08-15 09:34:28-04,1534340068,0,,10,
151510855,HUYA,2018-08-15 09:34:28-04,1534340068,8,,11727,
151510862,HUYA,2018-08-15 09:34:29-04,1534340069,8,,11728,
151510867,HUYA,2018-08-15 09:34:30-04,1534340070,8,,11729,
151510868,HUYA,2018-08-15 09:34:30-04,1534340070,0,,11,
151510871,HUYA,2018-08-15 09:34:30-04,1534340070,4,24.85,,f
151510872,HUYA,2018-08-15 09:34:30-04,1534340070,5,,4,
151510873,HUYA,2018-08-15 09:34:30-04,1534340070,5,,4,
151510874,HUYA,2018-08-15 09:34:30-04,1534340070,8,,11733,
151510880,HUYA,2018-08-15 09:34:31-04,1534340071,4,24.89,,f
151510881,HUYA,2018-08-15 09:34:31-04,1534340071,5,,1,
151510882,HUYA,2018-08-15 09:34:31-04,1534340071,5,,1,
151510883,HUYA,2018-08-15 09:34:31-04,1534340071,8,,11734,
151510885,HUYA,2018-08-15 09:34:31-04,1534340071,3,,1,
151510889,HUYA,2018-08-15 09:34:32-04,1534340072,8,,11735,
151510898,HUYA,2018-08-15 09:34:32-04,1534340072,0,,12,
151510905,HUYA,2018-08-15 09:34:33-04,1534340073,4,24.9,,f
151510906,HUYA,2018-08-15 09:34:33-04,1534340073,5,,1,
151510907,HUYA,2018-08-15 09:34:33-04,1534340073,8,,11736,
151510908,HUYA,2018-08-15 09:34:33-04,1534340073,3,,2,
151510917,HUYA,2018-08-15 09:34:33-04,1534340073,4,24.89,,f
151510918,HUYA,2018-08-15 09:34:33-04,1534340073,5,,1,
151510919,HUYA,2018-08-15 09:34:33-04,1534340073,8,,11737,
151510920,HUYA,2018-08-15 09:34:33-04,1534340073,3,,5,
151510923,HUYA,2018-08-15 09:34:34-04,1534340074,5,,2,
151510924,HUYA,2018-08-15 09:34:34-04,1534340074,8,,11739,
151510927,HUYA,2018-08-15 09:34:34-04,1534340074,3,,3,
151510933,HUYA,2018-08-15 09:34:35-04,1534340075,4,24.81,,f
151510934,HUYA,2018-08-15 09:34:35-04,1534340075,5,,1,
151510935,HUYA,2018-08-15 09:34:35-04,1534340075,5,,1,
151510936,HUYA,2018-08-15 09:34:35-04,1534340075,8,,11740,
151510937,HUYA,2018-08-15 09:34:35-04,1534340075,0,,11,
151510940,HUYA,2018-08-15 09:34:36-04,1534340076,4,24.88,,f
151510941,HUYA,2018-08-15 09:34:36-04,1534340076,5,,1,
151510942,HUYA,2018-08-15 09:34:36-04,1534340076,8,,11741,
151510946,HUYA,2018-08-15 09:34:36-04,1534340076,0,,12,
151510960,HUYA,2018-08-15 09:34:37-04,1534340077,4,24.85,,f
151510961,HUYA,2018-08-15 09:34:37-04,1534340077,5,,2,
151510962,HUYA,2018-08-15 09:34:37-04,1534340077,5,,2,
151510963,HUYA,2018-08-15 09:34:37-04,1534340077,8,,11743,
151510966,HUYA,2018-08-15 09:34:37-04,1534340077,2,24.87,,t
151510967,HUYA,2018-08-15 09:34:37-04,1534340077,3,,5,
151510968,HUYA,2018-08-15 09:34:37-04,1534340077,3,,5,
151510969,HUYA,2018-08-15 09:34:37-04,1534340077,4,24.87,,f
151510970,HUYA,2018-08-15 09:34:37-04,1534340077,5,,4,
151510971,HUYA,2018-08-15 09:34:37-04,1534340077,5,,4,
151510972,HUYA,2018-08-15 09:34:37-04,1534340077,8,,11747,
151510979,HUYA,2018-08-15 09:34:38-04,1534340078,0,,15,
151510980,HUYA,2018-08-15 09:34:38-04,1534340078,3,,1,
151510983,HUYA,2018-08-15 09:34:38-04,1534340078,1,24.85,,t
151510984,HUYA,2018-08-15 09:34:38-04,1534340078,0,,1,
151510985,HUYA,2018-08-15 09:34:38-04,1534340078,2,24.9,,t
151510986,HUYA,2018-08-15 09:34:38-04,1534340078,3,,3,
151510987,HUYA,2018-08-15 09:34:38-04,1534340078,0,,1,
151510988,HUYA,2018-08-15 09:34:38-04,1534340078,3,,3,
151510989,HUYA,2018-08-15 09:34:38-04,1534340078,5,,1,
151510990,HUYA,2018-08-15 09:34:38-04,1534340078,8,,11748,
151510997,HUYA,2018-08-15 09:34:39-04,1534340079,3,,4,
151510998,HUYA,2018-08-15 09:34:39-04,1534340079,4,24.85,,f
151510999,HUYA,2018-08-15 09:34:39-04,1534340079,5,,1,
151511000,HUYA,2018-08-15 09:34:39-04,1534340079,8,,11749,
151511004,HUYA,2018-08-15 09:34:39-04,1534340079,0,,2,
151511005,HUYA,2018-08-15 09:34:39-04,1534340079,3,,5,
151511006,HUYA,2018-08-15 09:34:40-04,1534340080,4,24.89,,f
151511007,HUYA,2018-08-15 09:34:40-04,1534340080,5,,4,
151511008,HUYA,2018-08-15 09:34:40-04,1534340080,5,,4,
151511009,HUYA,2018-08-15 09:34:40-04,1534340080,8,,11753,
151511014,HUYA,2018-08-15 09:34:40-04,1534340080,0,,1,
151511015,HUYA,2018-08-15 09:34:40-04,1534340080,3,,4,
151511018,HUYA,2018-08-15 09:34:40-04,1534340080,4,24.9,,f
151511019,HUYA,2018-08-15 09:34:40-04,1534340080,5,,9,
151511020,HUYA,2018-08-15 09:34:40-04,1534340080,5,,9,
151511021,HUYA,2018-08-15 09:34:40-04,1534340080,8,,11762,
151511022,HUYA,2018-08-15 09:34:41-04,1534340081,0,,3,
151511023,HUYA,2018-08-15 09:34:41-04,1534340081,0,,7,
151511024,HUYA,2018-08-15 09:34:41-04,1534340081,3,,3,
151511025,HUYA,2018-08-15 09:34:41-04,1534340081,5,,8,
151511026,HUYA,2018-08-15 09:34:41-04,1534340081,8,,11770,
151511030,HUYA,2018-08-15 09:34:42-04,1534340082,0,,5,
151511032,HUYA,2018-08-15 09:34:42-04,1534340082,5,,1,
151511033,HUYA,2018-08-15 09:34:42-04,1534340082,8,,11771,
151511047,HUYA,2018-08-15 09:34:43-04,1534340083,8,,11772,
151511048,HUYA,2018-08-15 09:34:43-04,1534340083,3,,4,
151511054,HUYA,2018-08-15 09:34:44-04,1534340084,8,,11773,
151511055,HUYA,2018-08-15 09:34:44-04,1534340084,0,,10,
151511059,HUYA,2018-08-15 09:34:44-04,1534340084,4,24.86,,f
151511060,HUYA,2018-08-15 09:34:44-04,1534340084,5,,1,
151511061,HUYA,2018-08-15 09:34:44-04,1534340084,8,,11774,
151511062,HUYA,2018-08-15 09:34:44-04,1534340084,0,,5,
151511063,HUYA,2018-08-15 09:34:44-04,1534340084,3,,7,
151511068,HUYA,2018-08-15 09:34:45-04,1534340085,4,24.9,,f
151511069,HUYA,2018-08-15 09:34:45-04,1534340085,5,,1,
151511070,HUYA,2018-08-15 09:34:45-04,1534340085,8,,11775,
151511071,HUYA,2018-08-15 09:34:45-04,1534340085,0,,4,
151511072,HUYA,2018-08-15 09:34:45-04,1534340085,3,,6,
151511085,HUYA,2018-08-15 09:34:46-04,1534340086,1,24.88,,t
151511086,HUYA,2018-08-15 09:34:46-04,1534340086,0,,1,
151511087,HUYA,2018-08-15 09:34:46-04,1534340086,0,,1,
151511088,HUYA,2018-08-15 09:34:46-04,1534340086,3,,4,
151511089,HUYA,2018-08-15 09:34:46-04,1534340086,8,,11776,
151511098,HUYA,2018-08-15 09:34:46-04,1534340086,0,,4,
151511102,HUYA,2018-08-15 09:34:47-04,1534340087,4,24.88,,f
151511103,HUYA,2018-08-15 09:34:47-04,1534340087,5,,1,
151511104,HUYA,2018-08-15 09:34:47-04,1534340087,8,,11777,
151511107,HUYA,2018-08-15 09:34:47-04,1534340087,1,24.85,,t
151511108,HUYA,2018-08-15 09:34:47-04,1534340087,0,,3,
151511109,HUYA,2018-08-15 09:34:47-04,1534340087,0,,3,
151511110,HUYA,2018-08-15 09:34:47-04,1534340087,3,,3,
151511117,HUYA,2018-08-15 09:34:48-04,1534340088,4,24.85,,f
151511118,HUYA,2018-08-15 09:34:48-04,1534340088,5,,1,
151511119,HUYA,2018-08-15 09:34:48-04,1534340088,8,,11778,
151511124,HUYA,2018-08-15 09:34:48-04,1534340088,1,24.81,,t
151511125,HUYA,2018-08-15 09:34:48-04,1534340088,0,,13,
151511126,HUYA,2018-08-15 09:34:48-04,1534340088,0,,13,
151511132,HUYA,2018-08-15 09:34:49-04,1534340089,4,24.81,,f
151511133,HUYA,2018-08-15 09:34:49-04,1534340089,5,,3,
151511134,HUYA,2018-08-15 09:34:49-04,1534340089,5,,3,
151511135,HUYA,2018-08-15 09:34:49-04,1534340089,8,,11781,
151511136,HUYA,2018-08-15 09:34:49-04,1534340089,0,,9,
151511137,HUYA,2018-08-15 09:34:49-04,1534340089,3,,4,
151511143,HUYA,2018-08-15 09:34:49-04,1534340089,0,,1,
151511144,HUYA,2018-08-15 09:34:50-04,1534340090,5,,5,
151511145,HUYA,2018-08-15 09:34:50-04,1534340090,8,,11786,
151511152,HUYA,2018-08-15 09:34:50-04,1534340090,4,24.9,,f
151511153,HUYA,2018-08-15 09:34:50-04,1534340090,5,,1,
151511154,HUYA,2018-08-15 09:34:50-04,1534340090,5,,1,
151511155,HUYA,2018-08-15 09:34:50-04,1534340090,8,,11787,
151511158,HUYA,2018-08-15 09:34:50-04,1534340090,1,24.82,,t
151511159,HUYA,2018-08-15 09:34:50-04,1534340090,0,,2,
151511160,HUYA,2018-08-15 09:34:50-04,1534340090,0,,2,
151511161,HUYA,2018-08-15 09:34:50-04,1534340090,3,,8,
151511167,HUYA,2018-08-15 09:34:51-04,1534340091,2,24.89,,t
151511168,HUYA,2018-08-15 09:34:51-04,1534340091,3,,1,
151511169,HUYA,2018-08-15 09:34:51-04,1534340091,0,,3,
151511170,HUYA,2018-08-15 09:34:51-04,1534340091,3,,1,
151511171,HUYA,2018-08-15 09:34:51-04,1534340091,4,24.89,,f
151511172,HUYA,2018-08-15 09:34:51-04,1534340091,5,,1,
151511173,HUYA,2018-08-15 09:34:51-04,1534340091,8,,11788,
151511174,HUYA,2018-08-15 09:34:51-04,1534340091,2,24.9,,t
151511175,HUYA,2018-08-15 09:34:51-04,1534340091,3,,7,
151511176,HUYA,2018-08-15 09:34:51-04,1534340091,0,,2,
151511177,HUYA,2018-08-15 09:34:51-04,1534340091,3,,7,
151511181,HUYA,2018-08-15 09:34:52-04,1534340092,1,24.85,,t
151511182,HUYA,2018-08-15 09:34:52-04,1534340092,0,,2,
151511183,HUYA,2018-08-15 09:34:52-04,1534340092,3,,8,
151511187,HUYA,2018-08-15 09:34:52-04,1534340092,5,,38,
151511188,HUYA,2018-08-15 09:34:52-04,1534340092,8,,11826,
151511189,HUYA,2018-08-15 09:34:52-04,1534340092,0,,4,
151511190,HUYA,2018-08-15 09:34:52-04,1534340092,3,,7,
151511193,HUYA,2018-08-15 09:34:53-04,1534340093,1,24.88,,t
151511194,HUYA,2018-08-15 09:34:53-04,1534340093,0,,1,
151511195,HUYA,2018-08-15 09:34:53-04,1534340093,0,,1,
151511196,HUYA,2018-08-15 09:34:53-04,1534340093,3,,4,
151511201,HUYA,2018-08-15 09:34:53-04,1534340093,4,24.9,,f
151511202,HUYA,2018-08-15 09:34:53-04,1534340093,5,,2,
151511203,HUYA,2018-08-15 09:34:53-04,1534340093,5,,2,
151511204,HUYA,2018-08-15 09:34:53-04,1534340093,8,,11828,
151511205,HUYA,2018-08-15 09:34:53-04,1534340093,1,24.9,,t
151511206,HUYA,2018-08-15 09:34:53-04,1534340093,0,,8,
151511207,HUYA,2018-08-15 09:34:53-04,1534340093,2,24.95,,t
151511208,HUYA,2018-08-15 09:34:53-04,1534340093,3,,5,
151511209,HUYA,2018-08-15 09:34:53-04,1534340093,0,,8,
151511210,HUYA,2018-08-15 09:34:53-04,1534340093,3,,5,
151511223,HUYA,2018-08-15 09:34:54-04,1534340094,8,,11995,
151511228,HUYA,2018-08-15 09:34:54-04,1534340094,3,,2,
151511231,HUYA,2018-08-15 09:34:54-04,1534340094,4,24.95,,f
151511232,HUYA,2018-08-15 09:34:54-04,1534340094,5,,1,
151511233,HUYA,2018-08-15 09:34:54-04,1534340094,5,,1,
151511234,HUYA,2018-08-15 09:34:54-04,1534340094,8,,11996,
151511238,HUYA,2018-08-15 09:34:54-04,1534340094,1,24.93,,t
151511239,HUYA,2018-08-15 09:34:54-04,1534340094,0,,1,
151511240,HUYA,2018-08-15 09:34:54-04,1534340094,0,,1,
151511241,HUYA,2018-08-15 09:34:54-04,1534340094,3,,1,
151511248,HUYA,2018-08-15 09:34:54-04,1534340094,1,24.9,,t
151511249,HUYA,2018-08-15 09:34:54-04,1534340094,0,,20,
151511250,HUYA,2018-08-15 09:34:54-04,1534340094,0,,20,
151511252,HUYA,2018-08-15 09:34:55-04,1534340095,4,24.93,,f
151511253,HUYA,2018-08-15 09:34:55-04,1534340095,5,,1,
151511254,HUYA,2018-08-15 09:34:55-04,1534340095,8,,11997,
151511264,HUYA,2018-08-15 09:34:55-04,1534340095,0,,21,
151511265,HUYA,2018-08-15 09:34:55-04,1534340095,3,,2,
151511271,HUYA,2018-08-15 09:34:56-04,1534340096,3,,1,
151511272,HUYA,2018-08-15 09:34:56-04,1534340096,4,24.95,,f
151511273,HUYA,2018-08-15 09:34:56-04,1534340096,5,,1,
151511274,HUYA,2018-08-15 09:34:56-04,1534340096,8,,11998,
151511276,HUYA,2018-08-15 09:34:56-04,1534340096,0,,24,
151511277,HUYA,2018-08-15 09:34:57-04,1534340097,2,24.97,,t
151511278,HUYA,2018-08-15 09:34:57-04,1534340097,3,,1,
151511279,HUYA,2018-08-15 09:34:57-04,1534340097,4,24.97,,f
151511280,HUYA,2018-08-15 09:34:57-04,1534340097,5,,1,
151511281,HUYA,2018-08-15 09:34:57-04,1534340097,8,,11999,
151511282,HUYA,2018-08-15 09:34:57-04,1534340097,3,,2,
151511285,HUYA,2018-08-15 09:34:58-04,1534340098,4,24.96,,f
151511286,HUYA,2018-08-15 09:34:58-04,1534340098,5,,2,
151511287,HUYA,2018-08-15 09:34:58-04,1534340098,5,,2,
151511288,HUYA,2018-08-15 09:34:58-04,1534340098,8,,12001,
151511292,HUYA,2018-08-15 09:34:58-04,1534340098,0,,32,
151511293,HUYA,2018-08-15 09:34:58-04,1534340098,3,,1,
151511306,HUYA,2018-08-15 09:34:59-04,1534340099,3,,2,
151511324,HUYA,2018-08-15 09:34:59-04,1534340099,0,,33,
151511329,HUYA,2018-08-15 09:35:00-04,1534340100,4,24.97,,f
151511330,HUYA,2018-08-15 09:35:00-04,1534340100,5,,1,
151511331,HUYA,2018-08-15 09:35:00-04,1534340100,5,,1,
151511332,HUYA,2018-08-15 09:35:00-04,1534340100,8,,12002,
151511338,HUYA,2018-08-15 09:35:00-04,1534340100,1,24.95,,t
151511339,HUYA,2018-08-15 09:35:00-04,1534340100,0,,2,
151511340,HUYA,2018-08-15 09:35:00-04,1534340100,2,24.99,,t
151511341,HUYA,2018-08-15 09:35:00-04,1534340100,3,,9,
151511342,HUYA,2018-08-15 09:35:00-04,1534340100,0,,2,
151511343,HUYA,2018-08-15 09:35:00-04,1534340100,3,,9,
151511358,HUYA,2018-08-15 09:35:01-04,1534340101,8,,12003,
151511363,HUYA,2018-08-15 09:35:01-04,1534340101,2,24.96,,t
151511364,HUYA,2018-08-15 09:35:01-04,1534340101,3,,3,
151511365,HUYA,2018-08-15 09:35:01-04,1534340101,0,,4,
151511366,HUYA,2018-08-15 09:35:01-04,1534340101,3,,3,
151511383,HUYA,2018-08-15 09:35:01-04,1534340101,4,24.96,,f
151511384,HUYA,2018-08-15 09:35:01-04,1534340101,5,,2,
151511385,HUYA,2018-08-15 09:35:01-04,1534340101,5,,2,
151511386,HUYA,2018-08-15 09:35:01-04,1534340101,8,,12005,
151511393,HUYA,2018-08-15 09:35:01-04,1534340101,0,,6,
151511394,HUYA,2018-08-15 09:35:01-04,1534340101,3,,5,
151511399,HUYA,2018-08-15 09:35:02-04,1534340102,2,24.99,,t
151511400,HUYA,2018-08-15 09:35:02-04,1534340102,3,,10,
151511401,HUYA,2018-08-15 09:35:02-04,1534340102,3,,10,
151511413,HUYA,2018-08-15 09:35:02-04,1534340102,0,,8,
151511414,HUYA,2018-08-15 09:35:02-04,1534340102,3,,1,
151511420,HUYA,2018-08-15 09:35:02-04,1534340102,4,24.95,,f
151511421,HUYA,2018-08-15 09:35:02-04,1534340102,5,,4,
151511422,HUYA,2018-08-15 09:35:02-04,1534340102,5,,4,
151511423,HUYA,2018-08-15 09:35:02-04,1534340102,8,,12009,
151511430,HUYA,2018-08-15 09:35:03-04,1534340103,0,,3,
151511431,HUYA,2018-08-15 09:35:03-04,1534340103,3,,3,
151511438,HUYA,2018-08-15 09:35:03-04,1534340103,4,24.99,,f
151511439,HUYA,2018-08-15 09:35:03-04,1534340103,5,,1,
151511440,HUYA,2018-08-15 09:35:03-04,1534340103,5,,1,
151511441,HUYA,2018-08-15 09:35:03-04,1534340103,8,,12010,
151511444,HUYA,2018-08-15 09:35:03-04,1534340103,0,,6,
151511445,HUYA,2018-08-15 09:35:03-04,1534340103,3,,2,
151511452,HUYA,2018-08-15 09:35:04-04,1534340104,3,,1,
151511453,HUYA,2018-08-15 09:35:05-04,1534340105,8,,12011,
151511454,HUYA,2018-08-15 09:35:05-04,1534340105,2,25,,t
151511455,HUYA,2018-08-15 09:35:05-04,1534340105,3,,178,
151511456,HUYA,2018-08-15 09:35:05-04,1534340105,0,,7,
151511457,HUYA,2018-08-15 09:35:05-04,1534340105,3,,178,
151511465,HUYA,2018-08-15 09:35:05-04,1534340105,4,25,,f
151511466,HUYA,2018-08-15 09:35:05-04,1534340105,5,,18,
151511467,HUYA,2018-08-15 09:35:05-04,1534340105,5,,18,
151511468,HUYA,2018-08-15 09:35:05-04,1534340105,8,,12029,
151511469,HUYA,2018-08-15 09:35:05-04,1534340105,0,,10,
151511470,HUYA,2018-08-15 09:35:05-04,1534340105,3,,171,
151511474,HUYA,2018-08-15 09:35:06-04,1534340106,1,24.99,,t
151511475,HUYA,2018-08-15 09:35:06-04,1534340106,0,,1,
151511476,HUYA,2018-08-15 09:35:06-04,1534340106,0,,1,
151511477,HUYA,2018-08-15 09:35:06-04,1534340106,3,,170,
151511480,HUYA,2018-08-15 09:35:06-04,1534340106,2,25.03,,t
151511481,HUYA,2018-08-15 09:35:06-04,1534340106,3,,2,
151511482,HUYA,2018-08-15 09:35:06-04,1534340106,0,,5,
151511483,HUYA,2018-08-15 09:35:06-04,1534340106,3,,2,
151511484,HUYA,2018-08-15 09:35:06-04,1534340106,4,25.01,,f
151511485,HUYA,2018-08-15 09:35:06-04,1534340106,5,,16,
151511486,HUYA,2018-08-15 09:35:06-04,1534340106,5,,16,
151511487,HUYA,2018-08-15 09:35:06-04,1534340106,8,,12045,
151511510,HUYA,2018-08-15 09:35:07-04,1534340107,0,,2,
151511511,HUYA,2018-08-15 09:35:07-04,1534340107,3,,1,
151511512,HUYA,2018-08-15 09:35:07-04,1534340107,5,,1,
151511513,HUYA,2018-08-15 09:35:07-04,1534340107,8,,12046,
151511518,HUYA,2018-08-15 09:35:07-04,1534340107,1,25,,t
151511519,HUYA,2018-08-15 09:35:07-04,1534340107,0,,1,
151511520,HUYA,2018-08-15 09:35:07-04,1534340107,2,25.07,,t
151511521,HUYA,2018-08-15 09:35:07-04,1534340107,3,,1,
151511522,HUYA,2018-08-15 09:35:07-04,1534340107,0,,1,
151511541,HUYA,2018-08-15 09:35:08-04,1534340108,4,25.05,,f
151511542,HUYA,2018-08-15 09:35:08-04,1534340108,5,,10,
151511543,HUYA,2018-08-15 09:35:08-04,1534340108,5,,10,
151511544,HUYA,2018-08-15 09:35:08-04,1534340108,8,,12056,
151511552,HUYA,2018-08-15 09:35:08-04,1534340108,0,,3,
151511555,HUYA,2018-08-15 09:35:08-04,1534340108,1,25.01,,t
151511556,HUYA,2018-08-15 09:35:08-04,1534340108,0,,1,
151511557,HUYA,2018-08-15 09:35:08-04,1534340108,0,,1,
151511560,HUYA,2018-08-15 09:35:08-04,1534340108,5,,1,
151511561,HUYA,2018-08-15 09:35:08-04,1534340108,8,,12057,
151511564,HUYA,2018-08-15 09:35:09-04,1534340109,1,25.05,,t
151511565,HUYA,2018-08-15 09:35:09-04,1534340109,0,,1,
151511566,HUYA,2018-08-15 09:35:09-04,1534340109,2,25.09,,t
151511567,HUYA,2018-08-15 09:35:09-04,1534340109,3,,1,
151511572,HUYA,2018-08-15 09:35:09-04,1534340109,4,25.07,,f
151511573,HUYA,2018-08-15 09:35:09-04,1534340109,5,,1,
151511574,HUYA,2018-08-15 09:35:09-04,1534340109,8,,12058,
151511577,HUYA,2018-08-15 09:35:09-04,1534340109,8,,12554,
151511578,HUYA,2018-08-15 09:35:09-04,1534340109,6,25.1,,f
151511579,HUYA,2018-08-15 09:35:09-04,1534340109,1,25.06,,t
151511580,HUYA,2018-08-15 09:35:09-04,1534340109,0,,2,
151511581,HUYA,2018-08-15 09:35:09-04,1534340109,2,25.17,,t
151511582,HUYA,2018-08-15 09:35:09-04,1534340109,3,,2,
151511583,HUYA,2018-08-15 09:35:09-04,1534340109,0,,2,
151511584,HUYA,2018-08-15 09:35:09-04,1534340109,3,,2,
151511587,HUYA,2018-08-15 09:35:10-04,1534340110,2,25.18,,t
151511588,HUYA,2018-08-15 09:35:10-04,1534340110,3,,15,
151511589,HUYA,2018-08-15 09:35:10-04,1534340110,0,,4,
151511590,HUYA,2018-08-15 09:35:10-04,1534340110,3,,15,
151511591,HUYA,2018-08-15 09:35:10-04,1534340110,4,25.06,,f
151511592,HUYA,2018-08-15 09:35:10-04,1534340110,5,,1,
151511593,HUYA,2018-08-15 09:35:10-04,1534340110,8,,12555,
151511596,HUYA,2018-08-15 09:35:10-04,1534340110,2,25.23,,t
151511597,HUYA,2018-08-15 09:35:10-04,1534340110,3,,14,
151511598,HUYA,2018-08-15 09:35:10-04,1534340110,0,,6,
151511599,HUYA,2018-08-15 09:35:10-04,1534340110,3,,14,
151511608,HUYA,2018-08-15 09:35:10-04,1534340110,8,,12742,
151511609,HUYA,2018-08-15 09:35:10-04,1534340110,6,25.23,,f
151511610,HUYA,2018-08-15 09:35:10-04,1534340110,1,25.07,,t
151511611,HUYA,2018-08-15 09:35:10-04,1534340110,0,,1,
151511612,HUYA,2018-08-15 09:35:10-04,1534340110,0,,1,
151511618,HUYA,2018-08-15 09:35:11-04,1534340111,4,25.23,,f
151511619,HUYA,2018-08-15 09:35:11-04,1534340111,5,,20,
151511620,HUYA,2018-08-15 09:35:11-04,1534340111,5,,20,
151511621,HUYA,2018-08-15 09:35:11-04,1534340111,8,,12762,
151511629,HUYA,2018-08-15 09:35:11-04,1534340111,1,25.06,,t
151511630,HUYA,2018-08-15 09:35:11-04,1534340111,0,,3,
151511631,HUYA,2018-08-15 09:35:11-04,1534340111,0,,3,
151511642,HUYA,2018-08-15 09:35:12-04,1534340112,5,,1,
151511643,HUYA,2018-08-15 09:35:12-04,1534340112,8,,12763,
151511651,HUYA,2018-08-15 09:35:12-04,1534340112,0,,5,
151511656,HUYA,2018-08-15 09:35:12-04,1534340112,2,25.2,,t
151511657,HUYA,2018-08-15 09:35:12-04,1534340112,3,,7,
151511658,HUYA,2018-08-15 09:35:12-04,1534340112,3,,7,
151511659,HUYA,2018-08-15 09:35:12-04,1534340112,4,25.19,,f
151511660,HUYA,2018-08-15 09:35:12-04,1534340112,5,,1,
151511661,HUYA,2018-08-15 09:35:12-04,1534340112,8,,12764,
151511664,HUYA,2018-08-15 09:35:12-04,1534340112,1,25.07,,t
151511665,HUYA,2018-08-15 09:35:12-04,1534340112,0,,1,
151511666,HUYA,2018-08-15 09:35:12-04,1534340112,0,,1,
151511667,HUYA,2018-08-15 09:35:12-04,1534340112,3,,1,
151511672,HUYA,2018-08-15 09:35:13-04,1534340113,8,,12765,
151511673,HUYA,2018-08-15 09:35:13-04,1534340113,0,,3,
151511680,HUYA,2018-08-15 09:35:14-04,1534340114,1,25.08,,t
151511681,HUYA,2018-08-15 09:35:14-04,1534340114,0,,3,
151511682,HUYA,2018-08-15 09:35:14-04,1534340114,3,,2,
151511683,HUYA,2018-08-15 09:35:14-04,1534340114,4,25.15,,f
151511684,HUYA,2018-08-15 09:35:14-04,1534340114,5,,1,
151511685,HUYA,2018-08-15 09:35:14-04,1534340114,8,,12766,
151511686,HUYA,2018-08-15 09:35:14-04,1534340114,1,25.15,,t
151511687,HUYA,2018-08-15 09:35:14-04,1534340114,0,,2,
151511688,HUYA,2018-08-15 09:35:14-04,1534340114,2,25.23,,t
151511689,HUYA,2018-08-15 09:35:14-04,1534340114,3,,16,
151511690,HUYA,2018-08-15 09:35:14-04,1534340114,0,,2,
151511691,HUYA,2018-08-15 09:35:14-04,1534340114,3,,16,
151511696,HUYA,2018-08-15 09:35:14-04,1534340114,4,25.19,,f
151511697,HUYA,2018-08-15 09:35:14-04,1534340114,5,,3,
151511698,HUYA,2018-08-15 09:35:14-04,1534340114,5,,3,
151511699,HUYA,2018-08-15 09:35:14-04,1534340114,8,,12769,
151511700,HUYA,2018-08-15 09:35:14-04,1534340114,2,25.19,,t
151511701,HUYA,2018-08-15 09:35:14-04,1534340114,3,,2,
151511702,HUYA,2018-08-15 09:35:14-04,1534340114,0,,6,
151511703,HUYA,2018-08-15 09:35:14-04,1534340114,3,,2,
151511709,HUYA,2018-08-15 09:35:15-04,1534340115,2,25.23,,t
151511710,HUYA,2018-08-15 09:35:15-04,1534340115,3,,8,
151511711,HUYA,2018-08-15 09:35:15-04,1534340115,3,,8,
151511714,HUYA,2018-08-15 09:35:15-04,1534340115,5,,1,
151511715,HUYA,2018-08-15 09:35:15-04,1534340115,8,,12770,
151511733,HUYA,2018-08-15 09:35:16-04,1534340116,8,,12771,
151511744,HUYA,2018-08-15 09:35:17-04,1534340117,5,,19,
151511745,HUYA,2018-08-15 09:35:17-04,1534340117,8,,12790,
151511746,HUYA,2018-08-15 09:35:17-04,1534340117,0,,2,
151511747,HUYA,2018-08-15 09:35:17-04,1534340117,3,,10,
151511756,HUYA,2018-08-15 09:35:17-04,1534340117,4,25.17,,f
151511757,HUYA,2018-08-15 09:35:17-04,1534340117,5,,2,
151511758,HUYA,2018-08-15 09:35:17-04,1534340117,5,,2,
151511759,HUYA,2018-08-15 09:35:17-04,1534340117,8,,12792,
151511760,HUYA,2018-08-15 09:35:17-04,1534340117,0,,5,
151511761,HUYA,2018-08-15 09:35:17-04,1534340117,3,,11,
151511767,HUYA,2018-08-15 09:35:18-04,1534340118,5,,3,
151511768,HUYA,2018-08-15 09:35:18-04,1534340118,8,,12795,
151511773,HUYA,2018-08-15 09:35:18-04,1534340118,3,,9,
151511780,HUYA,2018-08-15 09:35:19-04,1534340119,5,,19,
151511781,HUYA,2018-08-15 09:35:19-04,1534340119,8,,12814,
151511784,HUYA,2018-08-15 09:35:19-04,1534340119,3,,11,
151511789,HUYA,2018-08-15 09:35:20-04,1534340120,5,,5,
151511790,HUYA,2018-08-15 09:35:20-04,1534340120,8,,12819,
151511791,HUYA,2018-08-15 09:35:20-04,1534340120,2,25.22,,t
151511792,HUYA,2018-08-15 09:35:20-04,1534340120,3,,2,
151511793,HUYA,2018-08-15 09:35:20-04,1534340120,0,,6,
151511794,HUYA,2018-08-15 09:35:20-04,1534340120,3,,2,
151511800,HUYA,2018-08-15 09:35:21-04,1534340121,3,,3,
151511801,HUYA,2018-08-15 09:35:21-04,1534340121,4,25.18,,f
151511802,HUYA,2018-08-15 09:35:21-04,1534340121,5,,2,
151511803,HUYA,2018-08-15 09:35:21-04,1534340121,5,,2,
151511804,HUYA,2018-08-15 09:35:21-04,1534340121,8,,12821,
151511819,HUYA,2018-08-15 09:35:23-04,1534340123,4,25.16,,f
151511820,HUYA,2018-08-15 09:35:23-04,1534340123,5,,1,
151511821,HUYA,2018-08-15 09:35:23-04,1534340123,5,,1,
151511822,HUYA,2018-08-15 09:35:23-04,1534340123,8,,12822,
151511823,HUYA,2018-08-15 09:35:23-04,1534340123,0,,7,
151511832,HUYA,2018-08-15 09:35:23-04,1534340123,4,25.15,,f
151511833,HUYA,2018-08-15 09:35:23-04,1534340123,5,,1,
151511834,HUYA,2018-08-15 09:35:23-04,1534340123,8,,12823,
151511835,HUYA,2018-08-15 09:35:23-04,1534340123,0,,10,
151511848,HUYA,2018-08-15 09:35:24-04,1534340124,5,,9,
151511849,HUYA,2018-08-15 09:35:24-04,1534340124,8,,12832,
151511850,HUYA,2018-08-15 09:35:24-04,1534340124,0,,2,
151511855,HUYA,2018-08-15 09:35:25-04,1534340125,5,,1,
151511856,HUYA,2018-08-15 09:35:25-04,1534340125,8,,12833,
151511870,HUYA,2018-08-15 09:35:25-04,1534340125,4,25.19,,f
151511871,HUYA,2018-08-15 09:35:25-04,1534340125,5,,10,
151511872,HUYA,2018-08-15 09:35:25-04,1534340125,5,,10,
151511873,HUYA,2018-08-15 09:35:25-04,1534340125,8,,12843,
151511892,HUYA,2018-08-15 09:35:26-04,1534340126,5,,1,
151511893,HUYA,2018-08-15 09:35:26-04,1534340126,8,,13196,
151511894,HUYA,2018-08-15 09:35:26-04,1534340126,6,25.24,,f
151511896,HUYA,2018-08-15 09:35:26-04,1534340126,2,25.25,,t
151511897,HUYA,2018-08-15 09:35:26-04,1534340126,3,,11,
151511898,HUYA,2018-08-15 09:35:26-04,1534340126,0,,1,
151511899,HUYA,2018-08-15 09:35:26-04,1534340126,3,,11,
151511910,HUYA,2018-08-15 09:35:27-04,1534340127,2,25.29,,t
151511911,HUYA,2018-08-15 09:35:27-04,1534340127,3,,1,
151511912,HUYA,2018-08-15 09:35:27-04,1534340127,0,,2,
151511913,HUYA,2018-08-15 09:35:27-04,1534340127,3,,1,
151511921,HUYA,2018-08-15 09:35:27-04,1534340127,4,25.23,,f
151511922,HUYA,2018-08-15 09:35:27-04,1534340127,5,,1,
151511923,HUYA,2018-08-15 09:35:27-04,1534340127,8,,13235,
151511924,HUYA,2018-08-15 09:35:27-04,1534340127,6,25.27,,f
151511927,HUYA,2018-08-15 09:35:27-04,1534340127,0,,10,
151511934,HUYA,2018-08-15 09:35:28-04,1534340128,8,,13236,
151511937,HUYA,2018-08-15 09:35:28-04,1534340128,1,25.17,,t
151511938,HUYA,2018-08-15 09:35:28-04,1534340128,0,,6,
151511939,HUYA,2018-08-15 09:35:28-04,1534340128,0,,6,
151511941,HUYA,2018-08-15 09:35:28-04,1534340128,1,25.18,,t
151511942,HUYA,2018-08-15 09:35:28-04,1534340128,0,,1,
151511943,HUYA,2018-08-15 09:35:28-04,1534340128,0,,1,
151511945,HUYA,2018-08-15 09:35:29-04,1534340129,8,,13238,
151511946,HUYA,2018-08-15 09:35:29-04,1534340129,6,25.29,,f
151511947,HUYA,2018-08-15 09:35:29-04,1534340129,4,25.24,,f
151511948,HUYA,2018-08-15 09:35:29-04,1534340129,5,,1,
151511951,HUYA,2018-08-15 09:35:29-04,1534340129,1,25.23,,t
151511952,HUYA,2018-08-15 09:35:29-04,1534340129,0,,1,
151511953,HUYA,2018-08-15 09:35:29-04,1534340129,2,25.3,,t
151511954,HUYA,2018-08-15 09:35:29-04,1534340129,3,,1,
151511957,HUYA,2018-08-15 09:35:29-04,1534340129,4,25.28,,f
151511958,HUYA,2018-08-15 09:35:29-04,1534340129,5,,15,
151511959,HUYA,2018-08-15 09:35:29-04,1534340129,5,,15,
151511960,HUYA,2018-08-15 09:35:29-04,1534340129,8,,13253,
151511965,HUYA,2018-08-15 09:35:29-04,1534340129,0,,2,
151511966,HUYA,2018-08-15 09:35:29-04,1534340129,8,,13279,
151511967,HUYA,2018-08-15 09:35:29-04,1534340129,6,25.3,,f
151511972,HUYA,2018-08-15 09:35:29-04,1534340129,2,25.34,,t
151511973,HUYA,2018-08-15 09:35:29-04,1534340129,3,,1,
151511992,HUYA,2018-08-15 09:35:31-04,1534340131,4,25.3,,f
151511993,HUYA,2018-08-15 09:35:31-04,1534340131,5,,1,
151511994,HUYA,2018-08-15 09:35:31-04,1534340131,5,,1,
151511995,HUYA,2018-08-15 09:35:31-04,1534340131,8,,13280,
151511999,HUYA,2018-08-15 09:35:31-04,1534340131,1,25.24,,t
151512000,HUYA,2018-08-15 09:35:31-04,1534340131,0,,1,
151512001,HUYA,2018-08-15 09:35:31-04,1534340131,0,,1,
151512008,HUYA,2018-08-15 09:35:31-04,1534340131,8,,13300,
151512009,HUYA,2018-08-15 09:35:31-04,1534340131,6,25.34,,f
151512024,HUYA,2018-08-15 09:35:31-04,1534340131,4,25.29,,f
151512025,HUYA,2018-08-15 09:35:31-04,1534340131,5,,1,
151512026,HUYA,2018-08-15 09:35:31-04,1534340131,8,,13301,
151512028,HUYA,2018-08-15 09:35:31-04,1534340131,0,,4,
151512048,HUYA,2018-08-15 09:35:32-04,1534340132,4,25.34,,f
151512049,HUYA,2018-08-15 09:35:32-04,1534340132,5,,1,
151512050,HUYA,2018-08-15 09:35:32-04,1534340132,8,,13302,
151512053,HUYA,2018-08-15 09:35:32-04,1534340132,8,,13309,
151512054,HUYA,2018-08-15 09:35:32-04,1534340132,6,25.35,,f
151512056,HUYA,2018-08-15 09:35:32-04,1534340132,2,25.35,,t
151512057,HUYA,2018-08-15 09:35:32-04,1534340132,3,,6,
151512058,HUYA,2018-08-15 09:35:32-04,1534340132,3,,6,
151512060,HUYA,2018-08-15 09:35:32-04,1534340132,2,25.33,,t
151512061,HUYA,2018-08-15 09:35:32-04,1534340132,3,,2,
151512062,HUYA,2018-08-15 09:35:32-04,1534340132,3,,2,
151512065,HUYA,2018-08-15 09:35:32-04,1534340132,4,25.33,,f
151512066,HUYA,2018-08-15 09:35:32-04,1534340132,5,,1,
151512067,HUYA,2018-08-15 09:35:32-04,1534340132,8,,13310,
151512072,HUYA,2018-08-15 09:35:33-04,1534340133,0,,6,
151512078,HUYA,2018-08-15 09:35:33-04,1534340133,4,25.3,,f
151512079,HUYA,2018-08-15 09:35:33-04,1534340133,5,,10,
151512080,HUYA,2018-08-15 09:35:33-04,1534340133,5,,10,
151512081,HUYA,2018-08-15 09:35:33-04,1534340133,8,,13320,
151512086,HUYA,2018-08-15 09:35:34-04,1534340134,0,,4,
151512111,HUYA,2018-08-15 09:35:34-04,1534340134,4,25.28,,f
151512112,HUYA,2018-08-15 09:35:34-04,1534340134,5,,3,
151512113,HUYA,2018-08-15 09:35:34-04,1534340134,5,,3,
151512114,HUYA,2018-08-15 09:35:34-04,1534340134,8,,13323,
151512133,HUYA,2018-08-15 09:35:36-04,1534340136,5,,4,
151512134,HUYA,2018-08-15 09:35:36-04,1534340136,8,,13327,
151512136,HUYA,2018-08-15 09:35:36-04,1534340136,3,,3,
151512139,HUYA,2018-08-15 09:35:36-04,1534340136,1,25.29,,t
151512140,HUYA,2018-08-15 09:35:36-04,1534340136,0,,1,
151512141,HUYA,2018-08-15 09:35:36-04,1534340136,2,25.35,,t
151512142,HUYA,2018-08-15 09:35:36-04,1534340136,3,,6,
151512143,HUYA,2018-08-15 09:35:36-04,1534340136,0,,1,
151512144,HUYA,2018-08-15 09:35:36-04,1534340136,3,,6,
151512147,HUYA,2018-08-15 09:35:37-04,1534340137,4,25.34,,f
151512148,HUYA,2018-08-15 09:35:37-04,1534340137,5,,1,
151512149,HUYA,2018-08-15 09:35:37-04,1534340137,5,,1,
151512150,HUYA,2018-08-15 09:35:37-04,1534340137,8,,13328,
151512160,HUYA,2018-08-15 09:35:37-04,1534340137,1,25.32,,t
151512161,HUYA,2018-08-15 09:35:37-04,1534340137,0,,5,
151512162,HUYA,2018-08-15 09:35:37-04,1534340137,0,,5,
151512163,HUYA,2018-08-15 09:35:37-04,1534340137,3,,5,
151512165,HUYA,2018-08-15 09:35:38-04,1534340138,8,,13329,
151512168,HUYA,2018-08-15 09:35:38-04,1534340138,0,,6,
151512171,HUYA,2018-08-15 09:35:38-04,1534340138,1,25.27,,t
151512172,HUYA,2018-08-15 09:35:38-04,1534340138,0,,1,
151512173,HUYA,2018-08-15 09:35:38-04,1534340138,0,,1,
151512186,HUYA,2018-08-15 09:35:38-04,1534340138,2,25.34,,t
151512187,HUYA,2018-08-15 09:35:38-04,1534340138,3,,5,
151512188,HUYA,2018-08-15 09:35:38-04,1534340138,4,25.35,,f
151512189,HUYA,2018-08-15 09:35:38-04,1534340138,5,,1,
151512190,HUYA,2018-08-15 09:35:38-04,1534340138,8,,13330,
151512207,HUYA,2018-08-15 09:35:39-04,1534340139,2,25.3,,t
151512208,HUYA,2018-08-15 09:35:39-04,1534340139,3,,20,
151512209,HUYA,2018-08-15 09:35:39-04,1534340139,0,,3,
151512210,HUYA,2018-08-15 09:35:39-04,1534340139,3,,20,
151512219,HUYA,2018-08-15 09:35:39-04,1534340139,4,25.27,,f
151512220,HUYA,2018-08-15 09:35:39-04,1534340139,5,,1,
151512221,HUYA,2018-08-15 09:35:39-04,1534340139,8,,13331,
151512222,HUYA,2018-08-15 09:35:39-04,1534340139,1,25.25,,t
151512223,HUYA,2018-08-15 09:35:39-04,1534340139,0,,7,
151512224,HUYA,2018-08-15 09:35:39-04,1534340139,0,,7,
151512229,HUYA,2018-08-15 09:35:39-04,1534340139,1,25.24,,t
151512230,HUYA,2018-08-15 09:35:39-04,1534340139,0,,1,
151512231,HUYA,2018-08-15 09:35:39-04,1534340139,2,25.29,,t
151512232,HUYA,2018-08-15 09:35:39-04,1534340139,3,,2,
151512233,HUYA,2018-08-15 09:35:39-04,1534340139,0,,1,
151512234,HUYA,2018-08-15 09:35:39-04,1534340139,3,,2,
151512236,HUYA,2018-08-15 09:35:39-04,1534340139,1,25.18,,t
151512237,HUYA,2018-08-15 09:35:39-04,1534340139,0,,1,
151512238,HUYA,2018-08-15 09:35:39-04,1534340139,2,25.3,,t
151512239,HUYA,2018-08-15 09:35:39-04,1534340139,3,,20,
151512240,HUYA,2018-08-15 09:35:39-04,1534340139,3,,20,
151512242,HUYA,2018-08-15 09:35:40-04,1534340140,4,25.22,,f
151512243,HUYA,2018-08-15 09:35:40-04,1534340140,5,,2,
151512244,HUYA,2018-08-15 09:35:40-04,1534340140,5,,2,
151512245,HUYA,2018-08-15 09:35:40-04,1534340140,8,,13333,
151512255,HUYA,2018-08-15 09:35:41-04,1534340141,0,,2,
151512256,HUYA,2018-08-15 09:35:41-04,1534340141,4,25.25,,f
151512257,HUYA,2018-08-15 09:35:41-04,1534340141,5,,1,
151512258,HUYA,2018-08-15 09:35:41-04,1534340141,5,,1,
151512259,HUYA,2018-08-15 09:35:41-04,1534340141,8,,13334,
151512261,HUYA,2018-08-15 09:35:41-04,1534340141,1,25.19,,t
151512262,HUYA,2018-08-15 09:35:41-04,1534340141,0,,7,
151512263,HUYA,2018-08-15 09:35:41-04,1534340141,0,,7,
151512264,HUYA,2018-08-15 09:35:41-04,1534340141,3,,5,
151512268,HUYA,2018-08-15 09:35:41-04,1534340141,4,25.22,,f
151512269,HUYA,2018-08-15 09:35:41-04,1534340141,5,,7,
151512270,HUYA,2018-08-15 09:35:41-04,1534340141,5,,7,
151512271,HUYA,2018-08-15 09:35:41-04,1534340141,8,,13341,
151512281,HUYA,2018-08-15 09:35:42-04,1534340142,2,25.29,,t
151512282,HUYA,2018-08-15 09:35:42-04,1534340142,3,,1,
151512283,HUYA,2018-08-15 09:35:42-04,1534340142,0,,11,
151512284,HUYA,2018-08-15 09:35:42-04,1534340142,3,,1,
151512285,HUYA,2018-08-15 09:35:42-04,1534340142,4,25.25,,f
151512286,HUYA,2018-08-15 09:35:42-04,1534340142,5,,2,
151512287,HUYA,2018-08-15 09:35:42-04,1534340142,5,,2,
151512288,HUYA,2018-08-15 09:35:42-04,1534340142,8,,13343,
151512293,HUYA,2018-08-15 09:35:42-04,1534340142,2,25.25,,t
151512294,HUYA,2018-08-15 09:35:42-04,1534340142,3,,20,
151512295,HUYA,2018-08-15 09:35:42-04,1534340142,3,,20,
151512297,HUYA,2018-08-15 09:35:43-04,1534340143,4,25.19,,f
151512298,HUYA,2018-08-15 09:35:43-04,1534340143,5,,1,
151512299,HUYA,2018-08-15 09:35:43-04,1534340143,5,,1,
151512300,HUYA,2018-08-15 09:35:43-04,1534340143,8,,13344,
151512305,HUYA,2018-08-15 09:35:44-04,1534340144,8,,13345,
151512310,HUYA,2018-08-15 09:35:44-04,1534340144,1,25.01,,t
151512311,HUYA,2018-08-15 09:35:44-04,1534340144,0,,9,
151512312,HUYA,2018-08-15 09:35:44-04,1534340144,2,25.21,,t
151512313,HUYA,2018-08-15 09:35:44-04,1534340144,3,,6,
151512314,HUYA,2018-08-15 09:35:44-04,1534340144,0,,9,
151512315,HUYA,2018-08-15 09:35:44-04,1534340144,3,,6,
151512324,HUYA,2018-08-15 09:35:45-04,1534340145,4,25.12,,f
151512325,HUYA,2018-08-15 09:35:45-04,1534340145,5,,2,
151512326,HUYA,2018-08-15 09:35:45-04,1534340145,5,,2,
151512327,HUYA,2018-08-15 09:35:45-04,1534340145,8,,13347,
151512328,HUYA,2018-08-15 09:35:45-04,1534340145,0,,5,
151512329,HUYA,2018-08-15 09:35:45-04,1534340145,3,,7,
151512354,HUYA,2018-08-15 09:35:46-04,1534340146,3,,8,
151512364,HUYA,2018-08-15 09:35:47-04,1534340147,3,,10,
151512372,HUYA,2018-08-15 09:35:48-04,1534340148,4,25.11,,f
151512373,HUYA,2018-08-15 09:35:48-04,1534340148,5,,1,
151512374,HUYA,2018-08-15 09:35:48-04,1534340148,5,,1,
151512375,HUYA,2018-08-15 09:35:48-04,1534340148,8,,13348,
151512378,HUYA,2018-08-15 09:35:48-04,1534340148,2,25.2,,t
151512379,HUYA,2018-08-15 09:35:48-04,1534340148,3,,1,
151512380,HUYA,2018-08-15 09:35:48-04,1534340148,0,,7,
151512381,HUYA,2018-08-15 09:35:48-04,1534340148,3,,1,
151512388,HUYA,2018-08-15 09:35:48-04,1534340148,4,25.13,,f
151512389,HUYA,2018-08-15 09:35:48-04,1534340148,5,,3,
151512390,HUYA,2018-08-15 09:35:48-04,1534340148,5,,3,
151512391,HUYA,2018-08-15 09:35:48-04,1534340148,8,,13351,
151512395,HUYA,2018-08-15 09:35:48-04,1534340148,0,,8,
151512396,HUYA,2018-08-15 09:35:48-04,1534340148,3,,2,
151512405,HUYA,2018-08-15 09:35:49-04,1534340149,4,25.01,,f
151512406,HUYA,2018-08-15 09:35:49-04,1534340149,5,,8,
151512407,HUYA,2018-08-15 09:35:49-04,1534340149,5,,8,
151512408,HUYA,2018-08-15 09:35:49-04,1534340149,8,,13359,
151512413,HUYA,2018-08-15 09:35:49-04,1534340149,1,25.08,,t
151512414,HUYA,2018-08-15 09:35:49-04,1534340149,0,,1,
151512415,HUYA,2018-08-15 09:35:49-04,1534340149,0,,1,
151512416,HUYA,2018-08-15 09:35:49-04,1534340149,3,,1,
151512422,HUYA,2018-08-15 09:35:49-04,1534340149,4,25.2,,f
151512423,HUYA,2018-08-15 09:35:49-04,1534340149,5,,1,
151512424,HUYA,2018-08-15 09:35:49-04,1534340149,5,,1,
151512425,HUYA,2018-08-15 09:35:49-04,1534340149,8,,13360,
151512430,HUYA,2018-08-15 09:35:49-04,1534340149,0,,3,
151512433,HUYA,2018-08-15 09:35:50-04,1534340150,1,25.09,,t
151512434,HUYA,2018-08-15 09:35:50-04,1534340150,0,,5,
151512435,HUYA,2018-08-15 09:35:50-04,1534340150,0,,5,
151512437,HUYA,2018-08-15 09:35:50-04,1534340150,4,25.15,,f
151512438,HUYA,2018-08-15 09:35:50-04,1534340150,5,,1,
151512439,HUYA,2018-08-15 09:35:50-04,1534340150,8,,13361,
151512444,HUYA,2018-08-15 09:35:50-04,1534340150,0,,1,
151512451,HUYA,2018-08-15 09:35:50-04,1534340150,1,25.21,,t
151512452,HUYA,2018-08-15 09:35:50-04,1534340150,0,,1,
151512453,HUYA,2018-08-15 09:35:50-04,1534340150,2,25.25,,t
151512454,HUYA,2018-08-15 09:35:50-04,1534340150,3,,20,
151512455,HUYA,2018-08-15 09:35:50-04,1534340150,3,,20,
151512467,HUYA,2018-08-15 09:35:51-04,1534340151,4,25.25,,f
151512468,HUYA,2018-08-15 09:35:51-04,1534340151,5,,1,
151512469,HUYA,2018-08-15 09:35:51-04,1534340151,8,,13362,
151512486,HUYA,2018-08-15 09:35:51-04,1534340151,0,,2,
151512487,HUYA,2018-08-15 09:35:51-04,1534340151,3,,22,
151512495,HUYA,2018-08-15 09:35:52-04,1534340152,4,25.21,,f
151512496,HUYA,2018-08-15 09:35:52-04,1534340152,5,,1,
151512497,HUYA,2018-08-15 09:35:52-04,1534340152,8,,13363,
151512508,HUYA,2018-08-15 09:35:52-04,1534340152,0,,4,
151512509,HUYA,2018-08-15 09:35:52-04,1534340152,0,,1,
151512517,HUYA,2018-08-15 09:35:53-04,1534340153,4,25.25,,f
151512518,HUYA,2018-08-15 09:35:53-04,1534340153,5,,2,
151512519,HUYA,2018-08-15 09:35:53-04,1534340153,5,,2,
151512520,HUYA,2018-08-15 09:35:53-04,1534340153,8,,13365,
151512527,HUYA,2018-08-15 09:35:53-04,1534340153,4,25.21,,f
151512528,HUYA,2018-08-15 09:35:53-04,1534340153,5,,1,
151512529,HUYA,2018-08-15 09:35:53-04,1534340153,5,,1,
151512530,HUYA,2018-08-15 09:35:53-04,1534340153,8,,13366,
151512562,HUYA,2018-08-15 09:35:54-04,1534340154,4,25.22,,f
151512563,HUYA,2018-08-15 09:35:54-04,1534340154,5,,4,
151512564,HUYA,2018-08-15 09:35:54-04,1534340154,5,,4,
151512565,HUYA,2018-08-15 09:35:54-04,1534340154,8,,13370,
151512569,HUYA,2018-08-15 09:35:54-04,1534340154,0,,2,
151512590,HUYA,2018-08-15 09:35:56-04,1534340156,4,25.23,,f
151512591,HUYA,2018-08-15 09:35:56-04,1534340156,5,,1,
151512592,HUYA,2018-08-15 09:35:56-04,1534340156,5,,1,
151512593,HUYA,2018-08-15 09:35:56-04,1534340156,8,,13371,
151512598,HUYA,2018-08-15 09:35:56-04,1534340156,0,,3,
151512619,HUYA,2018-08-15 09:35:56-04,1534340156,3,,23,
151512620,HUYA,2018-08-15 09:35:56-04,1534340156,4,25.21,,f
151512621,HUYA,2018-08-15 09:35:56-04,1534340156,5,,1,
151512622,HUYA,2018-08-15 09:35:56-04,1534340156,8,,13372,
151512624,HUYA,2018-08-15 09:35:56-04,1534340156,1,25.25,,t
151512625,HUYA,2018-08-15 09:35:56-04,1534340156,0,,1,
151512626,HUYA,2018-08-15 09:35:56-04,1534340156,2,25.29,,t
151512627,HUYA,2018-08-15 09:35:56-04,1534340156,3,,1,
151512628,HUYA,2018-08-15 09:35:56-04,1534340156,0,,1,
151512629,HUYA,2018-08-15 09:35:56-04,1534340156,3,,1,
151512635,HUYA,2018-08-15 09:35:56-04,1534340156,2,25.3,,t
151512636,HUYA,2018-08-15 09:35:56-04,1534340156,3,,5,
151512637,HUYA,2018-08-15 09:35:56-04,1534340156,0,,9,
151512638,HUYA,2018-08-15 09:35:56-04,1534340156,3,,5,
151512648,HUYA,2018-08-15 09:35:57-04,1534340157,4,25.29,,f
151512649,HUYA,2018-08-15 09:35:57-04,1534340157,5,,1,
151512650,HUYA,2018-08-15 09:35:57-04,1534340157,8,,13373,
151512672,HUYA,2018-08-15 09:35:57-04,1534340157,0,,12,
151512673,HUYA,2018-08-15 09:35:57-04,1534340157,3,,3,
151512692,HUYA,2018-08-15 09:35:58-04,1534340158,4,25.28,,f
151512693,HUYA,2018-08-15 09:35:58-04,1534340158,5,,1,
151512694,HUYA,2018-08-15 09:35:58-04,1534340158,8,,13374,
151512720,HUYA,2018-08-15 09:35:59-04,1534340159,5,,5,
151512721,HUYA,2018-08-15 09:35:59-04,1534340159,8,,13379,
151512729,HUYA,2018-08-15 09:35:59-04,1534340159,4,25.25,,f
151512730,HUYA,2018-08-15 09:35:59-04,1534340159,5,,1,
151512731,HUYA,2018-08-15 09:35:59-04,1534340159,5,,1,
151512732,HUYA,2018-08-15 09:35:59-04,1534340159,8,,13380,
151512737,HUYA,2018-08-15 09:35:59-04,1534340159,3,,4,
151512745,HUYA,2018-08-15 09:36:00-04,1534340160,4,25.3,,f
151512746,HUYA,2018-08-15 09:36:00-04,1534340160,5,,2,
151512747,HUYA,2018-08-15 09:36:00-04,1534340160,5,,2,
151512748,HUYA,2018-08-15 09:36:00-04,1534340160,8,,13382,
151512760,HUYA,2018-08-15 09:36:00-04,1534340160,1,25.24,,t
151512761,HUYA,2018-08-15 09:36:00-04,1534340160,0,,2,
151512762,HUYA,2018-08-15 09:36:00-04,1534340160,0,,2,
151512763,HUYA,2018-08-15 09:36:00-04,1534340160,3,,3,
151512770,HUYA,2018-08-15 09:36:01-04,1534340161,4,25.28,,f
151512771,HUYA,2018-08-15 09:36:01-04,1534340161,5,,1,
151512772,HUYA,2018-08-15 09:36:01-04,1534340161,5,,1,
151512773,HUYA,2018-08-15 09:36:01-04,1534340161,8,,13383,
151512783,HUYA,2018-08-15 09:36:01-04,1534340161,1,25.31,,t
151512784,HUYA,2018-08-15 09:36:01-04,1534340161,0,,1,
151512785,HUYA,2018-08-15 09:36:01-04,1534340161,2,25.34,,t
151512786,HUYA,2018-08-15 09:36:01-04,1534340161,3,,5,
151512787,HUYA,2018-08-15 09:36:01-04,1534340161,0,,1,
151512788,HUYA,2018-08-15 09:36:01-04,1534340161,3,,5,
151512802,HUYA,2018-08-15 09:36:01-04,1534340161,4,25.27,,f
151512803,HUYA,2018-08-15 09:36:01-04,1534340161,5,,7,
151512804,HUYA,2018-08-15 09:36:01-04,1534340161,5,,7,
151512805,HUYA,2018-08-15 09:36:01-04,1534340161,8,,13390,
151512817,HUYA,2018-08-15 09:36:01-04,1534340161,0,,3,
151512831,HUYA,2018-08-15 09:36:02-04,1534340162,4,25.34,,f
151512832,HUYA,2018-08-15 09:36:02-04,1534340162,5,,1,
151512833,HUYA,2018-08-15 09:36:02-04,1534340162,5,,1,
151512834,HUYA,2018-08-15 09:36:02-04,1534340162,8,,13391,
151512837,HUYA,2018-08-15 09:36:02-04,1534340162,1,25.32,,t
151512838,HUYA,2018-08-15 09:36:02-04,1534340162,0,,1,
151512839,HUYA,2018-08-15 09:36:02-04,1534340162,2,25.35,,t
151512840,HUYA,2018-08-15 09:36:02-04,1534340162,3,,3,
151512841,HUYA,2018-08-15 09:36:02-04,1534340162,0,,1,
151512842,HUYA,2018-08-15 09:36:02-04,1534340162,3,,3,
151512863,HUYA,2018-08-15 09:36:03-04,1534340163,4,25.33,,f
151512864,HUYA,2018-08-15 09:36:03-04,1534340163,5,,2,
151512865,HUYA,2018-08-15 09:36:03-04,1534340163,5,,2,
151512866,HUYA,2018-08-15 09:36:03-04,1534340163,8,,13393,
151512871,HUYA,2018-08-15 09:36:03-04,1534340163,0,,2,
151512873,HUYA,2018-08-15 09:36:04-04,1534340164,8,,13748,
151512885,HUYA,2018-08-15 09:36:04-04,1534340164,2,25.38,,t
151512886,HUYA,2018-08-15 09:36:04-04,1534340164,3,,6,
151512887,HUYA,2018-08-15 09:36:04-04,1534340164,3,,6,
151512888,HUYA,2018-08-15 09:36:04-04,1534340164,4,25.35,,f
151512889,HUYA,2018-08-15 09:36:04-04,1534340164,5,,3,
151512890,HUYA,2018-08-15 09:36:04-04,1534340164,5,,3,
151512891,HUYA,2018-08-15 09:36:04-04,1534340164,8,,13751,
151512899,HUYA,2018-08-15 09:36:04-04,1534340164,8,,13773,
151512900,HUYA,2018-08-15 09:36:04-04,1534340164,6,25.38,,f
151512905,HUYA,2018-08-15 09:36:04-04,1534340164,2,25.39,,t
151512906,HUYA,2018-08-15 09:36:04-04,1534340164,3,,1,
151512907,HUYA,2018-08-15 09:36:04-04,1534340164,0,,4,
151512908,HUYA,2018-08-15 09:36:04-04,1534340164,3,,1,
151512909,HUYA,2018-08-15 09:36:05-04,1534340165,1,25.33,,t
151512910,HUYA,2018-08-15 09:36:05-04,1534340165,0,,1,
151512911,HUYA,2018-08-15 09:36:05-04,1534340165,0,,1,
151512913,HUYA,2018-08-15 09:36:05-04,1534340165,4,25.39,,f
151512914,HUYA,2018-08-15 09:36:05-04,1534340165,5,,1,
151512915,HUYA,2018-08-15 09:36:05-04,1534340165,5,,1,
151512916,HUYA,2018-08-15 09:36:05-04,1534340165,8,,13774,
151512927,HUYA,2018-08-15 09:36:05-04,1534340165,6,25.39,,f
151512931,HUYA,2018-08-15 09:36:05-04,1534340165,1,25.32,,t
151512932,HUYA,2018-08-15 09:36:05-04,1534340165,0,,8,
151512933,HUYA,2018-08-15 09:36:05-04,1534340165,0,,8,
151512949,HUYA,2018-08-15 09:36:06-04,1534340166,8,,13780,
151512950,HUYA,2018-08-15 09:36:06-04,1534340166,6,25.4,,f
151512954,HUYA,2018-08-15 09:36:06-04,1534340166,1,25.35,,t
151512955,HUYA,2018-08-15 09:36:06-04,1534340166,0,,1,
151512956,HUYA,2018-08-15 09:36:06-04,1534340166,2,25.4,,t
151512957,HUYA,2018-08-15 09:36:06-04,1534340166,3,,1,
151512958,HUYA,2018-08-15 09:36:06-04,1534340166,0,,1,
151512975,HUYA,2018-08-15 09:36:06-04,1534340166,4,25.37,,f
151512976,HUYA,2018-08-15 09:36:06-04,1534340166,5,,1,
151512977,HUYA,2018-08-15 09:36:06-04,1534340166,8,,13781,
151512981,HUYA,2018-08-15 09:36:06-04,1534340166,0,,2,
151512989,HUYA,2018-08-15 09:36:07-04,1534340167,2,25.39,,t
151512990,HUYA,2018-08-15 09:36:07-04,1534340167,3,,1,
151512992,HUYA,2018-08-15 09:36:07-04,1534340167,4,25.35,,f
151512993,HUYA,2018-08-15 09:36:07-04,1534340167,5,,1,
151512994,HUYA,2018-08-15 09:36:07-04,1534340167,8,,13782,
151513013,HUYA,2018-08-15 09:36:08-04,1534340168,0,,4,
151513024,HUYA,2018-08-15 09:36:08-04,1534340168,5,,3,
151513025,HUYA,2018-08-15 09:36:08-04,1534340168,8,,13785,
151513036,HUYA,2018-08-15 09:36:08-04,1534340168,0,,3,
151513037,HUYA,2018-08-15 09:36:09-04,1534340169,4,25.38,,f
151513038,HUYA,2018-08-15 09:36:09-04,1534340169,5,,1,
151513039,HUYA,2018-08-15 09:36:09-04,1534340169,5,,1,
151513040,HUYA,2018-08-15 09:36:09-04,1534340169,8,,13786,
151513042,HUYA,2018-08-15 09:36:09-04,1534340169,8,,13809,
151513043,HUYA,2018-08-15 09:36:09-04,1534340169,6,25.41,,f
151513051,HUYA,2018-08-15 09:36:09-04,1534340169,1,25.36,,t
151513052,HUYA,2018-08-15 09:36:09-04,1534340169,0,,1,
151513053,HUYA,2018-08-15 09:36:09-04,1534340169,2,25.4,,t
151513054,HUYA,2018-08-15 09:36:09-04,1534340169,3,,1,
151513055,HUYA,2018-08-15 09:36:09-04,1534340169,0,,1,
151513067,HUYA,2018-08-15 09:36:10-04,1534340170,8,,13810,
151513080,HUYA,2018-08-15 09:36:10-04,1534340170,8,,13815,
151513081,HUYA,2018-08-15 09:36:10-04,1534340170,6,25.43,,f
151513088,HUYA,2018-08-15 09:36:10-04,1534340170,0,,2,
151513090,HUYA,2018-08-15 09:36:10-04,1534340170,8,,13816,
151513100,HUYA,2018-08-15 09:36:12-04,1534340172,3,,3,
151513109,HUYA,2018-08-15 09:36:12-04,1534340172,8,,13817,
151513129,HUYA,2018-08-15 09:36:13-04,1534340173,0,,3,
151513130,HUYA,2018-08-15 09:36:13-04,1534340173,4,25.37,,f
151513131,HUYA,2018-08-15 09:36:13-04,1534340173,5,,1,
151513132,HUYA,2018-08-15 09:36:13-04,1534340173,8,,13818,
151513133,HUYA,2018-08-15 09:36:13-04,1534340173,1,25.31,,t
151513134,HUYA,2018-08-15 09:36:13-04,1534340173,0,,3,
151513135,HUYA,2018-08-15 09:36:13-04,1534340173,2,25.39,,t
151513136,HUYA,2018-08-15 09:36:13-04,1534340173,3,,2,
151513137,HUYA,2018-08-15 09:36:13-04,1534340173,3,,2,
151513146,HUYA,2018-08-15 09:36:13-04,1534340173,3,,11,
151513152,HUYA,2018-08-15 09:36:13-04,1534340173,4,25.35,,f
151513153,HUYA,2018-08-15 09:36:13-04,1534340173,5,,1,
151513154,HUYA,2018-08-15 09:36:13-04,1534340173,8,,13819,
151513169,HUYA,2018-08-15 09:36:13-04,1534340173,3,,8,
151513173,HUYA,2018-08-15 09:36:14-04,1534340174,4,25.31,,f
151513174,HUYA,2018-08-15 09:36:14-04,1534340174,5,,5,
151513175,HUYA,2018-08-15 09:36:14-04,1534340174,5,,5,
151513176,HUYA,2018-08-15 09:36:14-04,1534340174,8,,13824,
151513185,HUYA,2018-08-15 09:36:14-04,1534340174,2,25.34,,t
151513186,HUYA,2018-08-15 09:36:14-04,1534340174,3,,1,
151513187,HUYA,2018-08-15 09:36:14-04,1534340174,0,,1,
151513188,HUYA,2018-08-15 09:36:14-04,1534340174,3,,1,
151513202,HUYA,2018-08-15 09:36:15-04,1534340175,5,,1,
151513203,HUYA,2018-08-15 09:36:15-04,1534340175,8,,13825,
151513212,HUYA,2018-08-15 09:36:15-04,1534340175,2,25.39,,t
151513213,HUYA,2018-08-15 09:36:15-04,1534340175,3,,8,
151513214,HUYA,2018-08-15 09:36:15-04,1534340175,3,,8,
151513215,HUYA,2018-08-15 09:36:15-04,1534340175,2,25.34,,t
151513216,HUYA,2018-08-15 09:36:15-04,1534340175,3,,1,
151513217,HUYA,2018-08-15 09:36:15-04,1534340175,3,,1,
151513223,HUYA,2018-08-15 09:36:15-04,1534340175,2,25.38,,t
151513224,HUYA,2018-08-15 09:36:15-04,1534340175,3,,1,
151513225,HUYA,2018-08-15 09:36:15-04,1534340175,0,,2,
151513230,HUYA,2018-08-15 09:36:16-04,1534340176,4,25.33,,f
151513231,HUYA,2018-08-15 09:36:16-04,1534340176,5,,5,
151513232,HUYA,2018-08-15 09:36:16-04,1534340176,5,,5,
151513233,HUYA,2018-08-15 09:36:16-04,1534340176,8,,13830,
151513250,HUYA,2018-08-15 09:36:16-04,1534340176,4,25.35,,f
151513251,HUYA,2018-08-15 09:36:16-04,1534340176,5,,5,
151513252,HUYA,2018-08-15 09:36:16-04,1534340176,8,,13835,
151513259,HUYA,2018-08-15 09:36:16-04,1534340176,2,25.39,,t
151513260,HUYA,2018-08-15 09:36:16-04,1534340176,3,,7,
151513261,HUYA,2018-08-15 09:36:16-04,1534340176,3,,7,
151513262,HUYA,2018-08-15 09:36:17-04,1534340177,2,25.34,,t
151513263,HUYA,2018-08-15 09:36:17-04,1534340177,3,,1,
151513264,HUYA,2018-08-15 09:36:17-04,1534340177,0,,1,
151513265,HUYA,2018-08-15 09:36:17-04,1534340177,3,,1,
151513271,HUYA,2018-08-15 09:36:17-04,1534340177,4,25.31,,f
151513272,HUYA,2018-08-15 09:36:17-04,1534340177,5,,2,
151513273,HUYA,2018-08-15 09:36:17-04,1534340177,5,,2,
151513274,HUYA,2018-08-15 09:36:17-04,1534340177,8,,13837,
151513277,HUYA,2018-08-15 09:36:17-04,1534340177,2,25.35,,t
151513278,HUYA,2018-08-15 09:36:17-04,1534340177,3,,1,
151513279,HUYA,2018-08-15 09:36:17-04,1534340177,0,,2,
151513285,HUYA,2018-08-15 09:36:18-04,1534340178,5,,1,
151513286,HUYA,2018-08-15 09:36:18-04,1534340178,8,,13838,
151513287,HUYA,2018-08-15 09:36:18-04,1534340178,2,25.38,,t
151513288,HUYA,2018-08-15 09:36:18-04,1534340178,3,,2,
151513289,HUYA,2018-08-15 09:36:18-04,1534340178,3,,2,
151513292,HUYA,2018-08-15 09:36:18-04,1534340178,2,25.34,,t
151513293,HUYA,2018-08-15 09:36:18-04,1534340178,3,,1,
151513294,HUYA,2018-08-15 09:36:18-04,1534340178,0,,1,
151513295,HUYA,2018-08-15 09:36:18-04,1534340178,3,,1,
151513297,HUYA,2018-08-15 09:36:19-04,1534340179,8,,13839,
151513300,HUYA,2018-08-15 09:36:19-04,1534340179,2,25.35,,t
151513301,HUYA,2018-08-15 09:36:19-04,1534340179,3,,1,
151513322,HUYA,2018-08-15 09:36:19-04,1534340179,4,25.32,,f
151513323,HUYA,2018-08-15 09:36:19-04,1534340179,5,,1,
151513324,HUYA,2018-08-15 09:36:19-04,1534340179,8,,13840,
151513327,HUYA,2018-08-15 09:36:19-04,1534340179,2,25.39,,t
151513328,HUYA,2018-08-15 09:36:19-04,1534340179,3,,9,
151513329,HUYA,2018-08-15 09:36:19-04,1534340179,0,,3,
151513330,HUYA,2018-08-15 09:36:19-04,1534340179,3,,9,
151513342,HUYA,2018-08-15 09:36:19-04,1534340179,2,25.35,,t
151513343,HUYA,2018-08-15 09:36:19-04,1534340179,3,,1,
151513344,HUYA,2018-08-15 09:36:19-04,1534340179,3,,1,
151513350,HUYA,2018-08-15 09:36:20-04,1534340180,4,25.31,,f
151513351,HUYA,2018-08-15 09:36:20-04,1534340180,5,,1,
151513352,HUYA,2018-08-15 09:36:20-04,1534340180,8,,13841,
151513353,HUYA,2018-08-15 09:36:20-04,1534340180,0,,1,
151513354,HUYA,2018-08-15 09:36:20-04,1534340180,3,,2,
151513360,HUYA,2018-08-15 09:36:20-04,1534340180,4,25.35,,f
151513361,HUYA,2018-08-15 09:36:20-04,1534340180,5,,2,
151513362,HUYA,2018-08-15 09:36:20-04,1534340180,5,,2,
151513363,HUYA,2018-08-15 09:36:20-04,1534340180,8,,13843,
151513367,HUYA,2018-08-15 09:36:20-04,1534340180,2,25.34,,t
151513368,HUYA,2018-08-15 09:36:20-04,1534340180,3,,1,
151513369,HUYA,2018-08-15 09:36:20-04,1534340180,3,,1,
151513375,HUYA,2018-08-15 09:36:21-04,1534340181,4,25.31,,f
151513376,HUYA,2018-08-15 09:36:21-04,1534340181,5,,1,
151513377,HUYA,2018-08-15 09:36:21-04,1534340181,5,,1,
151513378,HUYA,2018-08-15 09:36:21-04,1534340181,8,,13844,
151513403,HUYA,2018-08-15 09:36:22-04,1534340182,4,25.34,,f
151513404,HUYA,2018-08-15 09:36:22-04,1534340182,5,,50,
151513405,HUYA,2018-08-15 09:36:22-04,1534340182,5,,50,
151513406,HUYA,2018-08-15 09:36:22-04,1534340182,8,,13894,
151513411,HUYA,2018-08-15 09:36:22-04,1534340182,2,25.35,,t
151513412,HUYA,2018-08-15 09:36:22-04,1534340182,3,,2,
151513413,HUYA,2018-08-15 09:36:22-04,1534340182,0,,3,
151513414,HUYA,2018-08-15 09:36:22-04,1534340182,3,,2,
151513439,HUYA,2018-08-15 09:36:23-04,1534340183,4,25.31,,f
151513440,HUYA,2018-08-15 09:36:23-04,1534340183,5,,1,
151513441,HUYA,2018-08-15 09:36:23-04,1534340183,5,,1,
151513442,HUYA,2018-08-15 09:36:23-04,1534340183,8,,13895,
151513451,HUYA,2018-08-15 09:36:23-04,1534340183,1,25.3,,t
151513452,HUYA,2018-08-15 09:36:23-04,1534340183,0,,3,
151513453,HUYA,2018-08-15 09:36:23-04,1534340183,2,25.32,,t
151513454,HUYA,2018-08-15 09:36:23-04,1534340183,3,,1,
151513455,HUYA,2018-08-15 09:36:23-04,1534340183,3,,1,
151513462,HUYA,2018-08-15 09:36:23-04,1534340183,4,25.32,,f
151513463,HUYA,2018-08-15 09:36:23-04,1534340183,5,,1,
151513464,HUYA,2018-08-15 09:36:23-04,1534340183,8,,13896,
151513465,HUYA,2018-08-15 09:36:23-04,1534340183,1,25.31,,t
151513466,HUYA,2018-08-15 09:36:23-04,1534340183,0,,1,
151513467,HUYA,2018-08-15 09:36:23-04,1534340183,2,25.38,,t
151513468,HUYA,2018-08-15 09:36:23-04,1534340183,3,,2,
151513469,HUYA,2018-08-15 09:36:23-04,1534340183,0,,1,
151513470,HUYA,2018-08-15 09:36:23-04,1534340183,3,,2,
151513480,HUYA,2018-08-15 09:36:24-04,1534340184,1,25.3,,t
151513481,HUYA,2018-08-15 09:36:24-04,1534340184,0,,4,
151513482,HUYA,2018-08-15 09:36:24-04,1534340184,2,25.39,,t
151513483,HUYA,2018-08-15 09:36:24-04,1534340184,3,,7,
151513484,HUYA,2018-08-15 09:36:24-04,1534340184,0,,4,
151513485,HUYA,2018-08-15 09:36:24-04,1534340184,3,,7,
151513488,HUYA,2018-08-15 09:36:24-04,1534340184,3,,5,
151513489,HUYA,2018-08-15 09:36:24-04,1534340184,4,25.31,,f
151513490,HUYA,2018-08-15 09:36:24-04,1534340184,5,,1,
151513491,HUYA,2018-08-15 09:36:24-04,1534340184,8,,13897,
151513492,HUYA,2018-08-15 09:36:24-04,1534340184,2,25.35,,t
151513493,HUYA,2018-08-15 09:36:24-04,1534340184,3,,1,
151513494,HUYA,2018-08-15 09:36:24-04,1534340184,0,,1,
151513495,HUYA,2018-08-15 09:36:24-04,1534340184,3,,1,
151513513,HUYA,2018-08-15 09:36:25-04,1534340185,8,,13898,
151513522,HUYA,2018-08-15 09:36:25-04,1534340185,2,25.39,,t
151513523,HUYA,2018-08-15 09:36:25-04,1534340185,3,,5,
151513524,HUYA,2018-08-15 09:36:25-04,1534340185,3,,5,
151513530,HUYA,2018-08-15 09:36:26-04,1534340186,2,25.35,,t
151513531,HUYA,2018-08-15 09:36:26-04,1534340186,3,,1,
151513532,HUYA,2018-08-15 09:36:26-04,1534340186,3,,1,
151513549,HUYA,2018-08-15 09:36:26-04,1534340186,2,25.39,,t
151513550,HUYA,2018-08-15 09:36:26-04,1534340186,3,,5,
151513551,HUYA,2018-08-15 09:36:26-04,1534340186,3,,5,
151513559,HUYA,2018-08-15 09:36:27-04,1534340187,4,25.3,,f
151513560,HUYA,2018-08-15 09:36:27-04,1534340187,5,,1,
151513561,HUYA,2018-08-15 09:36:27-04,1534340187,8,,13899,
151513562,HUYA,2018-08-15 09:36:27-04,1534340187,1,25.25,,t
151513563,HUYA,2018-08-15 09:36:27-04,1534340187,0,,3,
151513564,HUYA,2018-08-15 09:36:27-04,1534340187,2,25.3,,t
151513565,HUYA,2018-08-15 09:36:27-04,1534340187,3,,29,
151513566,HUYA,2018-08-15 09:36:27-04,1534340187,0,,3,
151513567,HUYA,2018-08-15 09:36:27-04,1534340187,3,,29,
151513584,HUYA,2018-08-15 09:36:27-04,1534340187,4,25.25,,f
151513585,HUYA,2018-08-15 09:36:27-04,1534340187,5,,5,
151513586,HUYA,2018-08-15 09:36:27-04,1534340187,5,,5,
151513587,HUYA,2018-08-15 09:36:27-04,1534340187,8,,13904,
151513588,HUYA,2018-08-15 09:36:27-04,1534340187,1,25.22,,t
151513589,HUYA,2018-08-15 09:36:27-04,1534340187,0,,18,
151513590,HUYA,2018-08-15 09:36:27-04,1534340187,0,,18,
151513599,HUYA,2018-08-15 09:36:28-04,1534340188,4,25.22,,f
151513600,HUYA,2018-08-15 09:36:28-04,1534340188,5,,1,
151513601,HUYA,2018-08-15 09:36:28-04,1534340188,5,,1,
151513602,HUYA,2018-08-15 09:36:28-04,1534340188,8,,13905,
151513615,HUYA,2018-08-15 09:36:29-04,1534340189,8,,13906,
151513623,HUYA,2018-08-15 09:36:29-04,1534340189,0,,15,
151513624,HUYA,2018-08-15 09:36:29-04,1534340189,3,,37,
151513628,HUYA,2018-08-15 09:36:30-04,1534340190,4,25.26,,f
151513629,HUYA,2018-08-15 09:36:30-04,1534340190,5,,1,
151513630,HUYA,2018-08-15 09:36:30-04,1534340190,8,,13907,
151513670,HUYA,2018-08-15 09:36:31-04,1534340191,4,25.28,,f
151513671,HUYA,2018-08-15 09:36:31-04,1534340191,5,,5,
151513672,HUYA,2018-08-15 09:36:31-04,1534340191,5,,5,
151513673,HUYA,2018-08-15 09:36:31-04,1534340191,8,,13912,
151513695,HUYA,2018-08-15 09:36:32-04,1534340192,4,25.29,,f
151513696,HUYA,2018-08-15 09:36:32-04,1534340192,5,,1,
151513697,HUYA,2018-08-15 09:36:32-04,1534340192,5,,1,
151513698,HUYA,2018-08-15 09:36:32-04,1534340192,8,,13913,
151513699,HUYA,2018-08-15 09:36:32-04,1534340192,3,,36,
151513709,HUYA,2018-08-15 09:36:33-04,1534340193,0,,16,
151513717,HUYA,2018-08-15 09:36:34-04,1534340194,3,,32,
151513718,HUYA,2018-08-15 09:36:34-04,1534340194,4,25.3,,f
151513719,HUYA,2018-08-15 09:36:34-04,1534340194,5,,1,
151513720,HUYA,2018-08-15 09:36:34-04,1534340194,8,,13914,
151513746,HUYA,2018-08-15 09:36:34-04,1534340194,3,,35,
151513747,HUYA,2018-08-15 09:36:35-04,1534340195,4,25.24,,f
151513748,HUYA,2018-08-15 09:36:35-04,1534340195,5,,1,
151513749,HUYA,2018-08-15 09:36:35-04,1534340195,8,,13915,
151513767,HUYA,2018-08-15 09:36:35-04,1534340195,0,,8,
151513768,HUYA,2018-08-15 09:36:35-04,1534340195,3,,34,
151513769,HUYA,2018-08-15 09:36:35-04,1534340195,4,25.22,,f
151513770,HUYA,2018-08-15 09:36:35-04,1534340195,5,,2,
151513771,HUYA,2018-08-15 09:36:35-04,1534340195,5,,2,
151513772,HUYA,2018-08-15 09:36:35-04,1534340195,8,,13917,
151513790,HUYA,2018-08-15 09:36:36-04,1534340196,4,25.25,,f
151513791,HUYA,2018-08-15 09:36:36-04,1534340196,5,,10,
151513792,HUYA,2018-08-15 09:36:36-04,1534340196,5,,10,
151513793,HUYA,2018-08-15 09:36:36-04,1534340196,8,,13927,
151513797,HUYA,2018-08-15 09:36:36-04,1534340196,3,,35,
151513804,HUYA,2018-08-15 09:36:36-04,1534340196,3,,37,
151513812,HUYA,2018-08-15 09:36:37-04,1534340197,2,25.26,,t
151513813,HUYA,2018-08-15 09:36:37-04,1534340197,3,,2,
151513814,HUYA,2018-08-15 09:36:37-04,1534340197,0,,9,
151513815,HUYA,2018-08-15 09:36:37-04,1534340197,3,,2,
151513824,HUYA,2018-08-15 09:36:37-04,1534340197,4,25.26,,f
151513825,HUYA,2018-08-15 09:36:37-04,1534340197,5,,1,
151513826,HUYA,2018-08-15 09:36:37-04,1534340197,5,,1,
151513827,HUYA,2018-08-15 09:36:37-04,1534340197,8,,13928,
151513837,HUYA,2018-08-15 09:36:38-04,1534340198,0,,10,
151513838,HUYA,2018-08-15 09:36:38-04,1534340198,3,,3,
151513840,HUYA,2018-08-15 09:36:38-04,1534340198,4,25.25,,f
151513841,HUYA,2018-08-15 09:36:38-04,1534340198,5,,2,
151513842,HUYA,2018-08-15 09:36:38-04,1534340198,5,,2,
151513843,HUYA,2018-08-15 09:36:38-04,1534340198,8,,13930,
151513845,HUYA,2018-08-15 09:36:38-04,1534340198,3,,2,
151513847,HUYA,2018-08-15 09:36:39-04,1534340199,5,,1,
151513848,HUYA,2018-08-15 09:36:39-04,1534340199,8,,13931,
151513853,HUYA,2018-08-15 09:36:39-04,1534340199,1,25.23,,t
151513854,HUYA,2018-08-15 09:36:39-04,1534340199,0,,2,
151513855,HUYA,2018-08-15 09:36:39-04,1534340199,2,25.3,,t
151513856,HUYA,2018-08-15 09:36:39-04,1534340199,3,,34,
151513857,HUYA,2018-08-15 09:36:39-04,1534340199,0,,2,
151513858,HUYA,2018-08-15 09:36:39-04,1534340199,3,,34,
151513865,HUYA,2018-08-15 09:36:40-04,1534340200,4,25.3,,f
151513866,HUYA,2018-08-15 09:36:40-04,1534340200,5,,1,
151513867,HUYA,2018-08-15 09:36:40-04,1534340200,8,,14253,
151513870,HUYA,2018-08-15 09:36:40-04,1534340200,0,,3,
151513876,HUYA,2018-08-15 09:36:40-04,1534340200,4,25.26,,f
151513877,HUYA,2018-08-15 09:36:40-04,1534340200,5,,1,
151513878,HUYA,2018-08-15 09:36:40-04,1534340200,8,,14254,
151513887,HUYA,2018-08-15 09:36:41-04,1534340201,1,25.26,,t
151513888,HUYA,2018-08-15 09:36:41-04,1534340201,0,,1,
151513889,HUYA,2018-08-15 09:36:41-04,1534340201,0,,1,
151513904,HUYA,2018-08-15 09:36:42-04,1534340202,0,,2,
151513934,HUYA,2018-08-15 09:36:43-04,1534340203,3,,35,
151513944,HUYA,2018-08-15 09:36:43-04,1534340203,4,25.28,,f
151513945,HUYA,2018-08-15 09:36:43-04,1534340203,5,,1,
151513946,HUYA,2018-08-15 09:36:43-04,1534340203,8,,14255,
151513949,HUYA,2018-08-15 09:36:43-04,1534340203,3,,36,
151513952,HUYA,2018-08-15 09:36:44-04,1534340204,1,25.27,,t
151513953,HUYA,2018-08-15 09:36:44-04,1534340204,0,,1,
151513954,HUYA,2018-08-15 09:36:44-04,1534340204,0,,1,
151513955,HUYA,2018-08-15 09:36:44-04,1534340204,3,,35,
151513960,HUYA,2018-08-15 09:36:45-04,1534340205,4,25.3,,f
151513961,HUYA,2018-08-15 09:36:45-04,1534340205,5,,2,
151513962,HUYA,2018-08-15 09:36:45-04,1534340205,5,,2,
151513963,HUYA,2018-08-15 09:36:45-04,1534340205,8,,14257,
151513979,HUYA,2018-08-15 09:36:45-04,1534340205,3,,32,
151514011,HUYA,2018-08-15 09:36:46-04,1534340206,4,25.28,,f
151514012,HUYA,2018-08-15 09:36:46-04,1534340206,5,,1,
151514013,HUYA,2018-08-15 09:36:46-04,1534340206,5,,1,
151514014,HUYA,2018-08-15 09:36:46-04,1534340206,8,,14258,
151514037,HUYA,2018-08-15 09:36:46-04,1534340206,1,25.28,,t
151514038,HUYA,2018-08-15 09:36:46-04,1534340206,0,,1,
151514039,HUYA,2018-08-15 09:36:46-04,1534340206,3,,31,
151514040,HUYA,2018-08-15 09:36:47-04,1534340207,4,25.3,,f
151514041,HUYA,2018-08-15 09:36:47-04,1534340207,5,,1,
151514042,HUYA,2018-08-15 09:36:47-04,1534340207,8,,14259,
151514060,HUYA,2018-08-15 09:36:47-04,1534340207,3,,21,
151514061,HUYA,2018-08-15 09:36:47-04,1534340207,5,,10,
151514062,HUYA,2018-08-15 09:36:47-04,1534340207,8,,14269,
151514079,HUYA,2018-08-15 09:36:48-04,1534340208,8,,14431,
151514080,HUYA,2018-08-15 09:36:48-04,1534340208,6,25.44,,f
151514085,HUYA,2018-08-15 09:36:48-04,1534340208,1,25.37,,t
151514086,HUYA,2018-08-15 09:36:48-04,1534340208,0,,1,
151514087,HUYA,2018-08-15 09:36:48-04,1534340208,2,25.45,,t
151514088,HUYA,2018-08-15 09:36:48-04,1534340208,3,,1,
151514089,HUYA,2018-08-15 09:36:48-04,1534340208,3,,1,
151514094,HUYA,2018-08-15 09:36:48-04,1534340208,4,25.44,,f
151514095,HUYA,2018-08-15 09:36:48-04,1534340208,5,,1,
151514096,HUYA,2018-08-15 09:36:48-04,1534340208,5,,1,
151514097,HUYA,2018-08-15 09:36:48-04,1534340208,8,,14432,
151514113,HUYA,2018-08-15 09:36:49-04,1534340209,8,,14466,
151514114,HUYA,2018-08-15 09:36:49-04,1534340209,6,25.45,,f
151514115,HUYA,2018-08-15 09:36:49-04,1534340209,0,,3,
151514128,HUYA,2018-08-15 09:36:49-04,1534340209,4,25.45,,f
151514129,HUYA,2018-08-15 09:36:49-04,1534340209,5,,1,
151514130,HUYA,2018-08-15 09:36:49-04,1534340209,8,,14467,
151514132,HUYA,2018-08-15 09:36:49-04,1534340209,1,25.38,,t
151514133,HUYA,2018-08-15 09:36:49-04,1534340209,0,,2,
151514134,HUYA,2018-08-15 09:36:49-04,1534340209,2,25.47,,t
151514135,HUYA,2018-08-15 09:36:49-04,1534340209,3,,2,
151514136,HUYA,2018-08-15 09:36:49-04,1534340209,0,,2,
151514137,HUYA,2018-08-15 09:36:49-04,1534340209,3,,2,
151514161,HUYA,2018-08-15 09:36:50-04,1534340210,8,,14475,
151514162,HUYA,2018-08-15 09:36:50-04,1534340210,6,25.46,,f
151514163,HUYA,2018-08-15 09:36:50-04,1534340210,4,25.47,,f
151514164,HUYA,2018-08-15 09:36:50-04,1534340210,5,,4,
151514165,HUYA,2018-08-15 09:36:50-04,1534340210,5,,4,
151514166,HUYA,2018-08-15 09:36:50-04,1534340210,0,,1,
151514167,HUYA,2018-08-15 09:36:50-04,1534340210,3,,13,
151514183,HUYA,2018-08-15 09:36:51-04,1534340211,8,,14491,
151514184,HUYA,2018-08-15 09:36:51-04,1534340211,6,25.47,,f
151514185,HUYA,2018-08-15 09:36:51-04,1534340211,5,,6,
151514186,HUYA,2018-08-15 09:36:51-04,1534340211,1,25.4,,t
151514187,HUYA,2018-08-15 09:36:51-04,1534340211,0,,1,
151514188,HUYA,2018-08-15 09:36:51-04,1534340211,3,,8,
151514199,HUYA,2018-08-15 09:36:51-04,1534340211,2,25.48,,t
151514200,HUYA,2018-08-15 09:36:51-04,1534340211,3,,2,
151514201,HUYA,2018-08-15 09:36:51-04,1534340211,0,,3,
151514202,HUYA,2018-08-15 09:36:51-04,1534340211,3,,2,
151514204,HUYA,2018-08-15 09:36:52-04,1534340212,8,,14506,
151514205,HUYA,2018-08-15 09:36:52-04,1534340212,6,25.48,,f
151514212,HUYA,2018-08-15 09:36:52-04,1534340212,4,25.52,,f
151514213,HUYA,2018-08-15 09:36:52-04,1534340212,5,,1,
151514214,HUYA,2018-08-15 09:36:52-04,1534340212,5,,1,
151514215,HUYA,2018-08-15 09:36:52-04,1534340212,2,25.52,,t
151514216,HUYA,2018-08-15 09:36:52-04,1534340212,3,,2,
151514217,HUYA,2018-08-15 09:36:52-04,1534340212,0,,7,
151514230,HUYA,2018-08-15 09:36:53-04,1534340213,8,,14650,
151514231,HUYA,2018-08-15 09:36:53-04,1534340213,6,25.52,,f
151514233,HUYA,2018-08-15 09:36:53-04,1534340213,4,25.49,,f
151514234,HUYA,2018-08-15 09:36:53-04,1534340213,5,,20,
151514235,HUYA,2018-08-15 09:36:53-04,1534340213,5,,20,
151514237,HUYA,2018-08-15 09:36:53-04,1534340213,0,,8,
151514238,HUYA,2018-08-15 09:36:53-04,1534340213,3,,4,
151514254,HUYA,2018-08-15 09:36:53-04,1534340213,4,25.46,,f
151514255,HUYA,2018-08-15 09:36:53-04,1534340213,5,,1,
151514256,HUYA,2018-08-15 09:36:53-04,1534340213,5,,1,
151514257,HUYA,2018-08-15 09:36:53-04,1534340213,8,,14651,
151514260,HUYA,2018-08-15 09:36:53-04,1534340213,2,25.5,,t
151514261,HUYA,2018-08-15 09:36:53-04,1534340213,3,,1,
151514262,HUYA,2018-08-15 09:36:53-04,1534340213,0,,10,
151514263,HUYA,2018-08-15 09:36:53-04,1534340213,3,,1,
151514271,HUYA,2018-08-15 09:36:54-04,1534340214,2,25.52,,t
151514272,HUYA,2018-08-15 09:36:54-04,1534340214,3,,4,
151514273,HUYA,2018-08-15 09:36:54-04,1534340214,0,,5,
151514274,HUYA,2018-08-15 09:36:54-04,1534340214,3,,4,
151514275,HUYA,2018-08-15 09:36:54-04,1534340214,4,25.47,,f
151514276,HUYA,2018-08-15 09:36:54-04,1534340214,5,,1,
151514277,HUYA,2018-08-15 09:36:54-04,1534340214,8,,14652,
151514288,HUYA,2018-08-15 09:36:54-04,1534340214,0,,17,
151514289,HUYA,2018-08-15 09:36:54-04,1534340214,3,,5,
151514295,HUYA,2018-08-15 09:36:55-04,1534340215,4,25.4,,f
151514296,HUYA,2018-08-15 09:36:55-04,1534340215,5,,1,
151514297,HUYA,2018-08-15 09:36:55-04,1534340215,8,,14653,
151514314,HUYA,2018-08-15 09:36:55-04,1534340215,0,,15,
151514315,HUYA,2018-08-15 09:36:55-04,1534340215,3,,12,
151514316,HUYA,2018-08-15 09:36:55-04,1534340215,4,25.41,,f
151514317,HUYA,2018-08-15 09:36:55-04,1534340215,5,,1,
151514318,HUYA,2018-08-15 09:36:55-04,1534340215,8,,14654,
151514329,HUYA,2018-08-15 09:36:56-04,1534340216,1,25.41,,t
151514330,HUYA,2018-08-15 09:36:56-04,1534340216,0,,1,
151514331,HUYA,2018-08-15 09:36:56-04,1534340216,0,,1,
151514332,HUYA,2018-08-15 09:36:56-04,1534340216,3,,14,
151514342,HUYA,2018-08-15 09:36:56-04,1534340216,4,25.4,,f
151514343,HUYA,2018-08-15 09:36:56-04,1534340216,5,,21,
151514344,HUYA,2018-08-15 09:36:56-04,1534340216,5,,21,
151514345,HUYA,2018-08-15 09:36:56-04,1534340216,8,,14675,
151514350,HUYA,2018-08-15 09:36:56-04,1534340216,2,25.51,,t
151514351,HUYA,2018-08-15 09:36:56-04,1534340216,3,,2,
151514352,HUYA,2018-08-15 09:36:56-04,1534340216,3,,2,
151514367,HUYA,2018-08-15 09:36:57-04,1534340217,4,25.51,,f
151514368,HUYA,2018-08-15 09:36:57-04,1534340217,5,,8,
151514369,HUYA,2018-08-15 09:36:57-04,1534340217,5,,8,
151514370,HUYA,2018-08-15 09:36:57-04,1534340217,8,,14683,
151514377,HUYA,2018-08-15 09:36:58-04,1534340218,0,,2,
151514381,HUYA,2018-08-15 09:36:58-04,1534340218,4,25.47,,f
151514382,HUYA,2018-08-15 09:36:58-04,1534340218,5,,2,
151514383,HUYA,2018-08-15 09:36:58-04,1534340218,5,,2,
151514384,HUYA,2018-08-15 09:36:58-04,1534340218,8,,14685,
151514395,HUYA,2018-08-15 09:36:58-04,1534340218,1,25.45,,t
151514396,HUYA,2018-08-15 09:36:58-04,1534340218,0,,1,
151514397,HUYA,2018-08-15 09:36:58-04,1534340218,2,25.52,,t
151514398,HUYA,2018-08-15 09:36:58-04,1534340218,3,,16,
151514399,HUYA,2018-08-15 09:36:58-04,1534340218,0,,1,
151514400,HUYA,2018-08-15 09:36:58-04,1534340218,3,,16,
151514413,HUYA,2018-08-15 09:36:59-04,1534340219,3,,14,
151514414,HUYA,2018-08-15 09:36:59-04,1534340219,4,25.52,,f
151514415,HUYA,2018-08-15 09:36:59-04,1534340219,5,,1,
151514416,HUYA,2018-08-15 09:36:59-04,1534340219,5,,1,
151514417,HUYA,2018-08-15 09:36:59-04,1534340219,8,,14686,
151514434,HUYA,2018-08-15 09:37:00-04,1534340220,0,,2,
151514441,HUYA,2018-08-15 09:37:00-04,1534340220,4,25.45,,f
151514442,HUYA,2018-08-15 09:37:00-04,1534340220,5,,1,
151514443,HUYA,2018-08-15 09:37:00-04,1534340220,8,,14687,
151514459,HUYA,2018-08-15 09:37:00-04,1534340220,0,,3,
151514460,HUYA,2018-08-15 09:37:00-04,1534340220,4,25.49,,f
151514461,HUYA,2018-08-15 09:37:00-04,1534340220,5,,1,
151514462,HUYA,2018-08-15 09:37:00-04,1534340220,8,,14688,
151514472,HUYA,2018-08-15 09:37:01-04,1534340221,3,,15,
151514506,HUYA,2018-08-15 09:37:02-04,1534340222,4,25.48,,f
151514507,HUYA,2018-08-15 09:37:02-04,1534340222,5,,1,
151514508,HUYA,2018-08-15 09:37:02-04,1534340222,8,,14689,
151514522,HUYA,2018-08-15 09:37:02-04,1534340222,1,25.46,,t
151514523,HUYA,2018-08-15 09:37:02-04,1534340222,0,,1,
151514524,HUYA,2018-08-15 09:37:02-04,1534340222,0,,1,
151514544,HUYA,2018-08-15 09:37:03-04,1534340223,4,25.52,,f
151514545,HUYA,2018-08-15 09:37:03-04,1534340223,5,,1,
151514546,HUYA,2018-08-15 09:37:03-04,1534340223,8,,14690,
151514550,HUYA,2018-08-15 09:37:03-04,1534340223,0,,2,
151514562,HUYA,2018-08-15 09:37:04-04,1534340224,0,,3,
151514563,HUYA,2018-08-15 09:37:04-04,1534340224,3,,19,
151514564,HUYA,2018-08-15 09:37:04-04,1534340224,4,25.5,,f
151514565,HUYA,2018-08-15 09:37:04-04,1534340224,5,,1,
151514566,HUYA,2018-08-15 09:37:04-04,1534340224,8,,14691,
151514574,HUYA,2018-08-15 09:37:05-04,1534340225,1,25.47,,t
151514575,HUYA,2018-08-15 09:37:05-04,1534340225,0,,1,
151514576,HUYA,2018-08-15 09:37:05-04,1534340225,0,,1,
151514577,HUYA,2018-08-15 09:37:05-04,1534340225,3,,18,
151514582,HUYA,2018-08-15 09:37:05-04,1534340225,4,25.47,,f
151514583,HUYA,2018-08-15 09:37:05-04,1534340225,5,,1,
151514584,HUYA,2018-08-15 09:37:05-04,1534340225,8,,14692,
151514598,HUYA,2018-08-15 09:37:05-04,1534340225,3,,16,
151514604,HUYA,2018-08-15 09:37:06-04,1534340226,4,25.49,,f
151514605,HUYA,2018-08-15 09:37:06-04,1534340226,5,,50,
151514606,HUYA,2018-08-15 09:37:06-04,1534340226,5,,50,
151514607,HUYA,2018-08-15 09:37:06-04,1534340226,8,,14742,
151514617,HUYA,2018-08-15 09:37:06-04,1534340226,2,25.51,,t
151514618,HUYA,2018-08-15 09:37:06-04,1534340226,3,,1,
151514619,HUYA,2018-08-15 09:37:06-04,1534340226,3,,1,
151514621,HUYA,2018-08-15 09:37:06-04,1534340226,1,25.46,,t
151514622,HUYA,2018-08-15 09:37:06-04,1534340226,0,,3,
151514623,HUYA,2018-08-15 09:37:06-04,1534340226,0,,3,
151514628,HUYA,2018-08-15 09:37:06-04,1534340226,4,25.46,,f
151514629,HUYA,2018-08-15 09:37:06-04,1534340226,5,,1,
151514630,HUYA,2018-08-15 09:37:06-04,1534340226,5,,1,
151514631,HUYA,2018-08-15 09:37:06-04,1534340226,8,,14743,
151514632,HUYA,2018-08-15 09:37:06-04,1534340226,2,25.52,,t
151514633,HUYA,2018-08-15 09:37:06-04,1534340226,3,,18,
151514634,HUYA,2018-08-15 09:37:06-04,1534340226,0,,4,
151514635,HUYA,2018-08-15 09:37:06-04,1534340226,3,,18,
151514663,HUYA,2018-08-15 09:37:07-04,1534340227,4,25.49,,f
151514664,HUYA,2018-08-15 09:37:07-04,1534340227,5,,1,
151514665,HUYA,2018-08-15 09:37:07-04,1534340227,8,,14744,
151514666,HUYA,2018-08-15 09:37:07-04,1534340227,0,,6,
151514667,HUYA,2018-08-15 09:37:07-04,1534340227,3,,16,
151514683,HUYA,2018-08-15 09:37:08-04,1534340228,5,,20,
151514684,HUYA,2018-08-15 09:37:08-04,1534340228,8,,14764,
151514685,HUYA,2018-08-15 09:37:08-04,1534340228,1,25.5,,t
151514686,HUYA,2018-08-15 09:37:08-04,1534340228,0,,4,
151514687,HUYA,2018-08-15 09:37:08-04,1534340228,0,,4,
151514694,HUYA,2018-08-15 09:37:09-04,1534340229,4,25.51,,f
151514695,HUYA,2018-08-15 09:37:09-04,1534340229,5,,1,
151514696,HUYA,2018-08-15 09:37:09-04,1534340229,5,,1,
151514697,HUYA,2018-08-15 09:37:09-04,1534340229,8,,14765,
151514701,HUYA,2018-08-15 09:37:09-04,1534340229,0,,5,
151514714,HUYA,2018-08-15 09:37:09-04,1534340229,4,25.5,,f
151514715,HUYA,2018-08-15 09:37:09-04,1534340229,5,,1,
151514716,HUYA,2018-08-15 09:37:09-04,1534340229,8,,14766,
151514719,HUYA,2018-08-15 09:37:09-04,1534340229,1,25.45,,t
151514720,HUYA,2018-08-15 09:37:09-04,1534340229,0,,6,
151514721,HUYA,2018-08-15 09:37:09-04,1534340229,0,,6,
151514722,HUYA,2018-08-15 09:37:09-04,1534340229,3,,17,
151514733,HUYA,2018-08-15 09:37:10-04,1534340230,4,25.51,,f
151514734,HUYA,2018-08-15 09:37:10-04,1534340230,5,,20,
151514735,HUYA,2018-08-15 09:37:10-04,1534340230,5,,20,
151514736,HUYA,2018-08-15 09:37:10-04,1534340230,8,,14786,
151514741,HUYA,2018-08-15 09:37:10-04,1534340230,0,,7,
151514742,HUYA,2018-08-15 09:37:10-04,1534340230,3,,16,
151514751,HUYA,2018-08-15 09:37:10-04,1534340230,1,25.47,,t
151514752,HUYA,2018-08-15 09:37:10-04,1534340230,0,,1,
151514753,HUYA,2018-08-15 09:37:10-04,1534340230,0,,1,
151514754,HUYA,2018-08-15 09:37:10-04,1534340230,3,,14,
151514757,HUYA,2018-08-15 09:37:11-04,1534340231,4,25.52,,f
151514758,HUYA,2018-08-15 09:37:11-04,1534340231,5,,1,
151514759,HUYA,2018-08-15 09:37:11-04,1534340231,5,,1,
151514760,HUYA,2018-08-15 09:37:11-04,1534340231,8,,14787,
151514761,HUYA,2018-08-15 09:37:11-04,1534340231,1,25.48,,t
151514762,HUYA,2018-08-15 09:37:11-04,1534340231,0,,1,
151514782,HUYA,2018-08-15 09:37:12-04,1534340232,4,25.48,,f
151514783,HUYA,2018-08-15 09:37:12-04,1534340232,5,,1,
151514784,HUYA,2018-08-15 09:37:12-04,1534340232,8,,14788,
151514792,HUYA,2018-08-15 09:37:12-04,1534340232,1,25.47,,t
151514793,HUYA,2018-08-15 09:37:12-04,1534340232,0,,4,
151514794,HUYA,2018-08-15 09:37:12-04,1534340232,0,,4,
151514803,HUYA,2018-08-15 09:37:13-04,1534340233,4,25.52,,f
151514804,HUYA,2018-08-15 09:37:13-04,1534340233,5,,10,
151514805,HUYA,2018-08-15 09:37:13-04,1534340233,5,,10,
151514806,HUYA,2018-08-15 09:37:13-04,1534340233,8,,14798,
151514814,HUYA,2018-08-15 09:37:13-04,1534340233,0,,5,
151514815,HUYA,2018-08-15 09:37:13-04,1534340233,3,,15,
151514820,HUYA,2018-08-15 09:37:13-04,1534340233,4,25.47,,f
151514821,HUYA,2018-08-15 09:37:13-04,1534340233,5,,1,
151514822,HUYA,2018-08-15 09:37:13-04,1534340233,5,,1,
151514823,HUYA,2018-08-15 09:37:13-04,1534340233,8,,14799,
151514825,HUYA,2018-08-15 09:37:14-04,1534340234,3,,14,
151514827,HUYA,2018-08-15 09:37:14-04,1534340234,1,25.45,,t
151514828,HUYA,2018-08-15 09:37:14-04,1534340234,0,,2,
151514829,HUYA,2018-08-15 09:37:14-04,1534340234,0,,2,
151514830,HUYA,2018-08-15 09:37:14-04,1534340234,3,,15,
151514836,HUYA,2018-08-15 09:37:14-04,1534340234,8,,14800,
151514844,HUYA,2018-08-15 09:37:14-04,1534340234,0,,5,
151514845,HUYA,2018-08-15 09:37:14-04,1534340234,3,,14,
151514850,HUYA,2018-08-15 09:37:15-04,1534340235,4,25.52,,f
151514851,HUYA,2018-08-15 09:37:15-04,1534340235,5,,4,
151514852,HUYA,2018-08-15 09:37:15-04,1534340235,5,,4,
151514853,HUYA,2018-08-15 09:37:15-04,1534340235,8,,14804,
151514863,HUYA,2018-08-15 09:37:15-04,1534340235,0,,2,
151514864,HUYA,2018-08-15 09:37:15-04,1534340235,3,,16,
151514875,HUYA,2018-08-15 09:37:15-04,1534340235,0,,1,
151514876,HUYA,2018-08-15 09:37:15-04,1534340235,3,,19,
151514877,HUYA,2018-08-15 09:37:15-04,1534340235,4,25.45,,f
151514878,HUYA,2018-08-15 09:37:15-04,1534340235,5,,1,
151514879,HUYA,2018-08-15 09:37:15-04,1534340235,5,,1,
151514880,HUYA,2018-08-15 09:37:15-04,1534340235,8,,14805,
151514881,HUYA,2018-08-15 09:37:15-04,1534340235,2,25.5,,t
151514882,HUYA,2018-08-15 09:37:15-04,1534340235,3,,5,
151514883,HUYA,2018-08-15 09:37:15-04,1534340235,3,,5,
151514900,HUYA,2018-08-15 09:37:16-04,1534340236,4,25.5,,f
151514901,HUYA,2018-08-15 09:37:16-04,1534340236,5,,10,
151514902,HUYA,2018-08-15 09:37:16-04,1534340236,5,,10,
151514903,HUYA,2018-08-15 09:37:16-04,1534340236,8,,14815,
151514908,HUYA,2018-08-15 09:37:16-04,1534340236,3,,8,
151514917,HUYA,2018-08-15 09:37:17-04,1534340237,1,25.42,,t
151514918,HUYA,2018-08-15 09:37:17-04,1534340237,0,,2,
151514919,HUYA,2018-08-15 09:37:17-04,1534340237,2,25.49,,t
151514920,HUYA,2018-08-15 09:37:17-04,1534340237,3,,1,
151514921,HUYA,2018-08-15 09:37:17-04,1534340237,0,,2,
151514922,HUYA,2018-08-15 09:37:17-04,1534340237,3,,1,
151514928,HUYA,2018-08-15 09:37:17-04,1534340237,4,25.4,,f
151514929,HUYA,2018-08-15 09:37:17-04,1534340237,5,,6,
151514930,HUYA,2018-08-15 09:37:17-04,1534340237,5,,6,
151514931,HUYA,2018-08-15 09:37:17-04,1534340237,8,,14821,
151514936,HUYA,2018-08-15 09:37:17-04,1534340237,1,25.4,,t
151514937,HUYA,2018-08-15 09:37:17-04,1534340237,0,,3,
151514938,HUYA,2018-08-15 09:37:17-04,1534340237,0,,3,
151514954,HUYA,2018-08-15 09:37:18-04,1534340238,4,25.49,,f
151514955,HUYA,2018-08-15 09:37:18-04,1534340238,5,,2,
151514956,HUYA,2018-08-15 09:37:18-04,1534340238,5,,2,
151514957,HUYA,2018-08-15 09:37:18-04,1534340238,8,,14823,
151514958,HUYA,2018-08-15 09:37:18-04,1534340238,3,,2,
151514970,HUYA,2018-08-15 09:37:19-04,1534340239,4,25.41,,f
151514971,HUYA,2018-08-15 09:37:19-04,1534340239,5,,1,
151514972,HUYA,2018-08-15 09:37:19-04,1534340239,5,,1,
151514973,HUYA,2018-08-15 09:37:19-04,1534340239,8,,14824,
151514978,HUYA,2018-08-15 09:37:19-04,1534340239,0,,4,
151515002,HUYA,2018-08-15 09:37:19-04,1534340239,4,25.4,,f
151515003,HUYA,2018-08-15 09:37:19-04,1534340239,5,,1,
151515004,HUYA,2018-08-15 09:37:19-04,1534340239,8,,14825,
151515009,HUYA,2018-08-15 09:37:19-04,1534340239,0,,3,
151515023,HUYA,2018-08-15 09:37:20-04,1534340240,8,,14826,
151515032,HUYA,2018-08-15 09:37:20-04,1534340240,0,,2,
151515050,HUYA,2018-08-15 09:37:21-04,1534340241,4,25.44,,f
151515051,HUYA,2018-08-15 09:37:21-04,1534340241,5,,10,
151515052,HUYA,2018-08-15 09:37:21-04,1534340241,5,,10,
151515053,HUYA,2018-08-15 09:37:21-04,1534340241,8,,14836,
151515062,HUYA,2018-08-15 09:37:21-04,1534340241,1,25.38,,t
151515063,HUYA,2018-08-15 09:37:21-04,1534340241,0,,1,
151515064,HUYA,2018-08-15 09:37:21-04,1534340241,2,25.46,,t
151515065,HUYA,2018-08-15 09:37:21-04,1534340241,3,,6,
151515066,HUYA,2018-08-15 09:37:21-04,1534340241,0,,1,
151515067,HUYA,2018-08-15 09:37:21-04,1534340241,3,,6,
151515073,HUYA,2018-08-15 09:37:22-04,1534340242,1,25.35,,t
151515074,HUYA,2018-08-15 09:37:22-04,1534340242,0,,10,
151515075,HUYA,2018-08-15 09:37:22-04,1534340242,0,,10,
151515076,HUYA,2018-08-15 09:37:22-04,1534340242,3,,5,
151515082,HUYA,2018-08-15 09:37:22-04,1534340242,1,25.37,,t
151515083,HUYA,2018-08-15 09:37:22-04,1534340242,0,,1,
151515084,HUYA,2018-08-15 09:37:22-04,1534340242,0,,1,
151515085,HUYA,2018-08-15 09:37:23-04,1534340243,4,25.39,,f
151515086,HUYA,2018-08-15 09:37:23-04,1534340243,5,,1,
151515087,HUYA,2018-08-15 09:37:23-04,1534340243,5,,1,
151515088,HUYA,2018-08-15 09:37:23-04,1534340243,8,,14837,
151515098,HUYA,2018-08-15 09:37:23-04,1534340243,8,,15073,
151515120,HUYA,2018-08-15 09:37:23-04,1534340243,4,25.42,,f
151515121,HUYA,2018-08-15 09:37:23-04,1534340243,5,,1,
151515122,HUYA,2018-08-15 09:37:23-04,1534340243,8,,15074,
151515143,HUYA,2018-08-15 09:37:23-04,1534340243,3,,6,
151515152,HUYA,2018-08-15 09:37:23-04,1534340243,2,25.42,,t
151515153,HUYA,2018-08-15 09:37:23-04,1534340243,3,,5,
151515154,HUYA,2018-08-15 09:37:23-04,1534340243,3,,5,
151515164,HUYA,2018-08-15 09:37:24-04,1534340244,3,,7,
151515170,HUYA,2018-08-15 09:37:24-04,1534340244,4,25.38,,f
151515171,HUYA,2018-08-15 09:37:24-04,1534340244,5,,1,
151515172,HUYA,2018-08-15 09:37:24-04,1534340244,8,,15075,
151515181,HUYA,2018-08-15 09:37:24-04,1534340244,1,25.35,,t
151515182,HUYA,2018-08-15 09:37:24-04,1534340244,0,,10,
151515183,HUYA,2018-08-15 09:37:24-04,1534340244,0,,10,
151515184,HUYA,2018-08-15 09:37:24-04,1534340244,3,,8,
151515190,HUYA,2018-08-15 09:37:25-04,1534340245,4,25.41,,f
151515191,HUYA,2018-08-15 09:37:25-04,1534340245,5,,1,
151515192,HUYA,2018-08-15 09:37:25-04,1534340245,8,,15076,
151515197,HUYA,2018-08-15 09:37:25-04,1534340245,0,,11,
151515204,HUYA,2018-08-15 09:37:26-04,1534340246,3,,9,
151515209,HUYA,2018-08-15 09:37:26-04,1534340246,8,,15077,
151515219,HUYA,2018-08-15 09:37:26-04,1534340246,0,,13,
151515220,HUYA,2018-08-15 09:37:26-04,1534340246,3,,7,
151515228,HUYA,2018-08-15 09:37:27-04,1534340247,4,25.36,,f
151515229,HUYA,2018-08-15 09:37:27-04,1534340247,5,,1,
151515230,HUYA,2018-08-15 09:37:27-04,1534340247,8,,15078,
151515237,HUYA,2018-08-15 09:37:27-04,1534340247,3,,6,
151515256,HUYA,2018-08-15 09:37:28-04,1534340248,4,25.41,,f
151515257,HUYA,2018-08-15 09:37:28-04,1534340248,5,,1,
151515258,HUYA,2018-08-15 09:37:28-04,1534340248,8,,15079,
151515276,HUYA,2018-08-15 09:37:28-04,1534340248,3,,7,
151515286,HUYA,2018-08-15 09:37:29-04,1534340249,4,25.4,,f
151515287,HUYA,2018-08-15 09:37:29-04,1534340249,5,,3,
151515288,HUYA,2018-08-15 09:37:29-04,1534340249,5,,3,
151515289,HUYA,2018-08-15 09:37:29-04,1534340249,8,,15082,
151515293,HUYA,2018-08-15 09:37:29-04,1534340249,2,25.4,,t
151515294,HUYA,2018-08-15 09:37:29-04,1534340249,3,,1,
151515295,HUYA,2018-08-15 09:37:29-04,1534340249,3,,1,
151515321,HUYA,2018-08-15 09:37:30-04,1534340250,3,,6,
151515326,HUYA,2018-08-15 09:37:31-04,1534340251,5,,1,
151515327,HUYA,2018-08-15 09:37:31-04,1534340251,8,,15083,
151515343,HUYA,2018-08-15 09:37:31-04,1534340251,1,25.31,,t
151515344,HUYA,2018-08-15 09:37:31-04,1534340251,0,,1,
151515345,HUYA,2018-08-15 09:37:31-04,1534340251,0,,1,
151515346,HUYA,2018-08-15 09:37:31-04,1534340251,3,,5,
151515355,HUYA,2018-08-15 09:37:31-04,1534340251,4,25.39,,f
151515356,HUYA,2018-08-15 09:37:31-04,1534340251,5,,1,
151515357,HUYA,2018-08-15 09:37:31-04,1534340251,8,,15084,
151515368,HUYA,2018-08-15 09:37:31-04,1534340251,2,25.35,,t
151515369,HUYA,2018-08-15 09:37:31-04,1534340251,3,,5,
151515370,HUYA,2018-08-15 09:37:31-04,1534340251,0,,3,
151515378,HUYA,2018-08-15 09:37:32-04,1534340252,4,25.32,,f
151515379,HUYA,2018-08-15 09:37:32-04,1534340252,5,,15,
151515380,HUYA,2018-08-15 09:37:32-04,1534340252,5,,15,
151515381,HUYA,2018-08-15 09:37:32-04,1534340252,8,,15099,
151515389,HUYA,2018-08-15 09:37:32-04,1534340252,1,25.32,,t
151515390,HUYA,2018-08-15 09:37:32-04,1534340252,0,,1,
151515391,HUYA,2018-08-15 09:37:32-04,1534340252,2,25.39,,t
151515392,HUYA,2018-08-15 09:37:32-04,1534340252,3,,3,
151515393,HUYA,2018-08-15 09:37:32-04,1534340252,0,,1,
151515394,HUYA,2018-08-15 09:37:32-04,1534340252,3,,3,
151515400,HUYA,2018-08-15 09:37:33-04,1534340253,4,25.36,,f
151515401,HUYA,2018-08-15 09:37:33-04,1534340253,5,,1,
151515402,HUYA,2018-08-15 09:37:33-04,1534340253,5,,1,
151515403,HUYA,2018-08-15 09:37:33-04,1534340253,8,,15100,
151515412,HUYA,2018-08-15 09:37:33-04,1534340253,2,25.4,,t
151515413,HUYA,2018-08-15 09:37:33-04,1534340253,3,,5,
151515414,HUYA,2018-08-15 09:37:33-04,1534340253,0,,3,
151515415,HUYA,2018-08-15 09:37:33-04,1534340253,3,,5,
151515418,HUYA,2018-08-15 09:37:34-04,1534340254,2,25.37,,t
151515419,HUYA,2018-08-15 09:37:34-04,1534340254,3,,1,
151515420,HUYA,2018-08-15 09:37:34-04,1534340254,3,,1,
151515424,HUYA,2018-08-15 09:37:34-04,1534340254,4,25.34,,f
151515425,HUYA,2018-08-15 09:37:34-04,1534340254,5,,2,
151515426,HUYA,2018-08-15 09:37:34-04,1534340254,5,,2,
151515427,HUYA,2018-08-15 09:37:34-04,1534340254,8,,15102,
151515434,HUYA,2018-08-15 09:37:34-04,1534340254,2,25.4,,t
151515435,HUYA,2018-08-15 09:37:34-04,1534340254,3,,4,
151515436,HUYA,2018-08-15 09:37:34-04,1534340254,3,,4,
151515445,HUYA,2018-08-15 09:37:35-04,1534340255,1,25.33,,t
151515446,HUYA,2018-08-15 09:37:35-04,1534340255,0,,1,
151515447,HUYA,2018-08-15 09:37:35-04,1534340255,0,,1,
151515448,HUYA,2018-08-15 09:37:35-04,1534340255,3,,5,
151515449,HUYA,2018-08-15 09:37:35-04,1534340255,4,25.4,,f
151515450,HUYA,2018-08-15 09:37:35-04,1534340255,5,,1,
151515451,HUYA,2018-08-15 09:37:35-04,1534340255,5,,1,
151515452,HUYA,2018-08-15 09:37:35-04,1534340255,8,,15103,
151515460,HUYA,2018-08-15 09:37:36-04,1534340256,3,,7,
151515463,HUYA,2018-08-15 09:37:36-04,1534340256,4,25.37,,f
151515464,HUYA,2018-08-15 09:37:36-04,1534340256,5,,2,
151515465,HUYA,2018-08-15 09:37:36-04,1534340256,5,,2,
151515466,HUYA,2018-08-15 09:37:36-04,1534340256,8,,15105,
151515486,HUYA,2018-08-15 09:37:37-04,1534340257,4,25.36,,f
151515487,HUYA,2018-08-15 09:37:37-04,1534340257,5,,13,
151515488,HUYA,2018-08-15 09:37:37-04,1534340257,5,,13,
151515489,HUYA,2018-08-15 09:37:37-04,1534340257,8,,15118,
151515497,HUYA,2018-08-15 09:37:37-04,1534340257,1,25.34,,t
151515498,HUYA,2018-08-15 09:37:37-04,1534340257,0,,1,
151515499,HUYA,2018-08-15 09:37:37-04,1534340257,3,,1,
151515512,HUYA,2018-08-15 09:37:38-04,1534340258,4,25.4,,f
151515513,HUYA,2018-08-15 09:37:38-04,1534340258,5,,1,
151515514,HUYA,2018-08-15 09:37:38-04,1534340258,5,,1,
151515515,HUYA,2018-08-15 09:37:38-04,1534340258,8,,15119,
151515516,HUYA,2018-08-15 09:37:38-04,1534340258,1,25.35,,t
151515517,HUYA,2018-08-15 09:37:38-04,1534340258,0,,1,
151515531,HUYA,2018-08-15 09:37:38-04,1534340258,5,,3,
151515532,HUYA,2018-08-15 09:37:38-04,1534340258,8,,15122,
151515537,HUYA,2018-08-15 09:37:38-04,1534340258,3,,2,
151515545,HUYA,2018-08-15 09:37:39-04,1534340259,1,25.37,,t
151515546,HUYA,2018-08-15 09:37:39-04,1534340259,0,,1,
151515547,HUYA,2018-08-15 09:37:39-04,1534340259,5,,1,
151515548,HUYA,2018-08-15 09:37:39-04,1534340259,8,,15123,
151515553,HUYA,2018-08-15 09:37:39-04,1534340259,1,25.38,,t
151515554,HUYA,2018-08-15 09:37:39-04,1534340259,0,,6,
151515555,HUYA,2018-08-15 09:37:39-04,1534340259,2,25.44,,t
151515556,HUYA,2018-08-15 09:37:39-04,1534340259,3,,1,
151515557,HUYA,2018-08-15 09:37:39-04,1534340259,0,,6,
151515558,HUYA,2018-08-15 09:37:39-04,1534340259,3,,1,
151515560,HUYA,2018-08-15 09:37:40-04,1534340260,4,25.44,,f
151515561,HUYA,2018-08-15 09:37:40-04,1534340260,5,,1,
151515562,HUYA,2018-08-15 09:37:40-04,1534340260,8,,15124,
151515569,HUYA,2018-08-15 09:37:40-04,1534340260,0,,1,
151515570,HUYA,2018-08-15 09:37:40-04,1534340260,3,,2,
151515571,HUYA,2018-08-15 09:37:41-04,1534340261,8,,15125,
151515581,HUYA,2018-08-15 09:37:41-04,1534340261,4,25.41,,f
151515582,HUYA,2018-08-15 09:37:41-04,1534340261,5,,1,
151515583,HUYA,2018-08-15 09:37:41-04,1534340261,8,,15126,
151515587,HUYA,2018-08-15 09:37:42-04,1534340262,1,25.4,,t
151515588,HUYA,2018-08-15 09:37:42-04,1534340262,0,,1,
151515589,HUYA,2018-08-15 09:37:42-04,1534340262,8,,15127,
151515599,HUYA,2018-08-15 09:37:42-04,1534340262,3,,1,
151515612,HUYA,2018-08-15 09:37:43-04,1534340263,4,25.42,,f
151515613,HUYA,2018-08-15 09:37:43-04,1534340263,5,,1,
151515614,HUYA,2018-08-15 09:37:43-04,1534340263,8,,15128,
151515615,HUYA,2018-08-15 09:37:43-04,1534340263,2,25.46,,t
151515616,HUYA,2018-08-15 09:37:43-04,1534340263,3,,1,
151515637,HUYA,2018-08-15 09:37:44-04,1534340264,4,25.46,,f
151515638,HUYA,2018-08-15 09:37:44-04,1534340264,5,,1,
151515639,HUYA,2018-08-15 09:37:44-04,1534340264,8,,15129,
151515641,HUYA,2018-08-15 09:37:44-04,1534340264,0,,4,
151515645,HUYA,2018-08-15 09:37:44-04,1534340264,3,,2,
151515652,HUYA,2018-08-15 09:37:44-04,1534340264,8,,15130,
151515670,HUYA,2018-08-15 09:37:45-04,1534340265,3,,1,
151515671,HUYA,2018-08-15 09:37:45-04,1534340265,4,25.41,,f
151515672,HUYA,2018-08-15 09:37:45-04,1534340265,5,,1,
151515673,HUYA,2018-08-15 09:37:45-04,1534340265,8,,15131,
151515680,HUYA,2018-08-15 09:37:45-04,1534340265,0,,5,
151515712,HUYA,2018-08-15 09:37:47-04,1534340267,3,,2,
151515716,HUYA,2018-08-15 09:37:47-04,1534340267,1,25.41,,t
151515717,HUYA,2018-08-15 09:37:47-04,1534340267,0,,1,
151515718,HUYA,2018-08-15 09:37:47-04,1534340267,0,,1,
151515719,HUYA,2018-08-15 09:37:47-04,1534340267,4,25.43,,f
151515720,HUYA,2018-08-15 09:37:47-04,1534340267,5,,1,
151515721,HUYA,2018-08-15 09:37:47-04,1534340267,8,,15132,
151515738,HUYA,2018-08-15 09:37:48-04,1534340268,3,,1,
151515739,HUYA,2018-08-15 09:37:48-04,1534340268,8,,15133,
151515757,HUYA,2018-08-15 09:37:49-04,1534340269,0,,2,
151515788,HUYA,2018-08-15 09:37:50-04,1534340270,5,,4,
151515789,HUYA,2018-08-15 09:37:50-04,1534340270,8,,15137,
151515795,HUYA,2018-08-15 09:37:50-04,1534340270,3,,2,
151515811,HUYA,2018-08-15 09:37:50-04,1534340270,5,,1,
151515812,HUYA,2018-08-15 09:37:50-04,1534340270,8,,15138,
151515820,HUYA,2018-08-15 09:37:50-04,1534340270,0,,3,
151515821,HUYA,2018-08-15 09:37:50-04,1534340270,3,,3,
151515839,HUYA,2018-08-15 09:37:51-04,1534340271,4,25.41,,f
151515840,HUYA,2018-08-15 09:37:51-04,1534340271,5,,1,
151515841,HUYA,2018-08-15 09:37:51-04,1534340271,8,,15139,
151515843,HUYA,2018-08-15 09:37:52-04,1534340272,8,,15248,
151515844,HUYA,2018-08-15 09:37:52-04,1534340272,3,,2,
151515849,HUYA,2018-08-15 09:37:52-04,1534340272,4,25.44,,f
151515850,HUYA,2018-08-15 09:37:52-04,1534340272,5,,1,
151515851,HUYA,2018-08-15 09:37:52-04,1534340272,8,,15249,
151515854,HUYA,2018-08-15 09:37:52-04,1534340272,3,,3,
151515858,HUYA,2018-08-15 09:37:52-04,1534340272,2,25.45,,t
151515859,HUYA,2018-08-15 09:37:52-04,1534340272,3,,1,
151515860,HUYA,2018-08-15 09:37:52-04,1534340272,3,,1,
151515874,HUYA,2018-08-15 09:37:53-04,1534340273,4,25.43,,f
151515875,HUYA,2018-08-15 09:37:53-04,1534340273,5,,5,
151515876,HUYA,2018-08-15 09:37:53-04,1534340273,5,,5,
151515877,HUYA,2018-08-15 09:37:53-04,1534340273,8,,15254,
151515881,HUYA,2018-08-15 09:37:53-04,1534340273,0,,2,
151515882,HUYA,2018-08-15 09:37:53-04,1534340273,3,,2,
151515897,HUYA,2018-08-15 09:37:54-04,1534340274,5,,2,
151515898,HUYA,2018-08-15 09:37:54-04,1534340274,8,,15256,
151515918,HUYA,2018-08-15 09:37:54-04,1534340274,3,,1,
151515927,HUYA,2018-08-15 09:37:55-04,1534340275,5,,10,
151515928,HUYA,2018-08-15 09:37:55-04,1534340275,8,,15266,
151515947,HUYA,2018-08-15 09:37:56-04,1534340276,1,25.42,,t
151515948,HUYA,2018-08-15 09:37:56-04,1534340276,0,,3,
151515949,HUYA,2018-08-15 09:37:56-04,1534340276,0,,3,
151515956,HUYA,2018-08-15 09:37:56-04,1534340276,5,,1,
151515957,HUYA,2018-08-15 09:37:56-04,1534340276,8,,15267,
151515971,HUYA,2018-08-15 09:37:56-04,1534340276,3,,2,
151515979,HUYA,2018-08-15 09:37:57-04,1534340277,5,,5,
151515980,HUYA,2018-08-15 09:37:57-04,1534340277,8,,15272,
151515985,HUYA,2018-08-15 09:37:57-04,1534340277,0,,2,
151515986,HUYA,2018-08-15 09:37:57-04,1534340277,3,,1,
151516007,HUYA,2018-08-15 09:37:58-04,1534340278,0,,3,
151516008,HUYA,2018-08-15 09:37:58-04,1534340278,3,,3,
151516010,HUYA,2018-08-15 09:37:58-04,1534340278,5,,1,
151516011,HUYA,2018-08-15 09:37:58-04,1534340278,8,,15273,
151516018,HUYA,2018-08-15 09:37:59-04,1534340279,3,,2,
151516029,HUYA,2018-08-15 09:37:59-04,1534340279,8,,15274,
151516041,HUYA,2018-08-15 09:38:00-04,1534340280,8,,15275,
151516042,HUYA,2018-08-15 09:38:00-04,1534340280,3,,1,
151516065,HUYA,2018-08-15 09:38:01-04,1534340281,5,,10,
151516066,HUYA,2018-08-15 09:38:01-04,1534340281,8,,15285,
151516067,HUYA,2018-08-15 09:38:01-04,1534340281,3,,2,
151516086,HUYA,2018-08-15 09:38:01-04,1534340281,0,,9,
151516087,HUYA,2018-08-15 09:38:01-04,1534340281,3,,1,
151516088,HUYA,2018-08-15 09:38:01-04,1534340281,5,,44,
151516089,HUYA,2018-08-15 09:38:01-04,1534340281,8,,15329,
151516116,HUYA,2018-08-15 09:38:02-04,1534340282,0,,6,
151516117,HUYA,2018-08-15 09:38:02-04,1534340282,3,,3,
151516119,HUYA,2018-08-15 09:38:02-04,1534340282,5,,1,
151516120,HUYA,2018-08-15 09:38:02-04,1534340282,8,,15330,
151516125,HUYA,2018-08-15 09:38:03-04,1534340283,3,,6,
151516132,HUYA,2018-08-15 09:38:03-04,1534340283,5,,5,
151516133,HUYA,2018-08-15 09:38:03-04,1534340283,8,,15335,
151516142,HUYA,2018-08-15 09:38:03-04,1534340283,0,,8,
151516143,HUYA,2018-08-15 09:38:03-04,1534340283,3,,4,
151516153,HUYA,2018-08-15 09:38:04-04,1534340284,4,25.44,,f
151516154,HUYA,2018-08-15 09:38:04-04,1534340284,5,,1,
151516155,HUYA,2018-08-15 09:38:04-04,1534340284,5,,1,
151516156,HUYA,2018-08-15 09:38:04-04,1534340284,8,,15336,
151516168,HUYA,2018-08-15 09:38:04-04,1534340284,1,25.44,,t
151516169,HUYA,2018-08-15 09:38:04-04,1534340284,0,,3,
151516170,HUYA,2018-08-15 09:38:04-04,1534340284,0,,3,
151516177,HUYA,2018-08-15 09:38:05-04,1534340285,5,,3,
151516178,HUYA,2018-08-15 09:38:05-04,1534340285,8,,15339,
151516185,HUYA,2018-08-15 09:38:05-04,1534340285,0,,4,
151516186,HUYA,2018-08-15 09:38:05-04,1534340285,3,,6,
151516192,HUYA,2018-08-15 09:38:05-04,1534340285,5,,4,
151516193,HUYA,2018-08-15 09:38:05-04,1534340285,8,,15343,
151516213,HUYA,2018-08-15 09:38:06-04,1534340286,5,,21,
151516214,HUYA,2018-08-15 09:38:06-04,1534340286,8,,15364,
151516225,HUYA,2018-08-15 09:38:06-04,1534340286,0,,8,
151516226,HUYA,2018-08-15 09:38:06-04,1534340286,3,,5,
151516240,HUYA,2018-08-15 09:38:06-04,1534340286,5,,1,
151516241,HUYA,2018-08-15 09:38:06-04,1534340286,8,,15365,
151516246,HUYA,2018-08-15 09:38:07-04,1534340287,0,,6,
151516247,HUYA,2018-08-15 09:38:07-04,1534340287,3,,4,
151516256,HUYA,2018-08-15 09:38:07-04,1534340287,4,25.45,,f
151516257,HUYA,2018-08-15 09:38:07-04,1534340287,5,,1,
151516258,HUYA,2018-08-15 09:38:07-04,1534340287,8,,15366,
151516261,HUYA,2018-08-15 09:38:08-04,1534340288,3,,3,
151516278,HUYA,2018-08-15 09:38:08-04,1534340288,0,,7,
